2106 3334
190 73 245 113 72
836 67 946 102 Liber
973 67 1036 102 111.
1088 67 1284 101 eoi-232.

400 212 513 253 hunc
546 212 717 253 fortuna
746 210 888 251 locum
921 213 1063 250 teneat
1095 209 1372 251 subeuntibus
1404 209 1542 260 athlis,

403 283 549 324 ordine
580 285 758 323 naturae
791 281 900 322 sicut
930 284 1027 321 sunt
1059 284 1209 321 cuncta
1240 280 1390 321 locata.

471 353 648 394 forsitan
682 355 723 393 et
755 366 935 407 quaeras
968 352 1069 406 agili
1100 366 1190 392 rem
1222 351 1347 392 corde
1380 351 1622 397 notandam,

403 438 486 479 qua
517 424 680 465 ratione
714 437 845 478 queas
876 423 920 463 in
952 422 1026 463 tali
1057 426 1247 477 tempore
1279 422 1367 463 nati

330 511 382 538 205
402 495 637 550 exprimere
669 495 861 535 inmenso
895 498 1139 548 surgentem
1171 493 1436 548 horoscopon
1469 494 1582 534 orbe.

403 566 515 621 quod
545 566 626 607 nisi
658 566 802 607 subtili
833 566 973 606 uisum
1006 564 1169 606 ratione
1201 568 1380 616 tenetur,

403 638 683 679 fundamenta
715 641 845 678 ruunt
876 637 992 689 artis,
1025 651 1101 678 nec
1135 640 1339 678 consonat
1371 637 1487 688 ordo,

405 708 647 750 cardinibus
681 708 883 763 quoniam
914 708 1048 760 falsis,
1082 708 1154 763 qui
1187 711 1338 748 cuncta
1370 708 1622 762 gubernant,

403 780 606 820 mentitur
636 779 790 820 faciem
822 779 1020 832 mundus,
1054 793 1131 820 nec
1164 783 1329 820 constat
1360 779 1491 833 origo,

332 864 385 892 210
404 850 597 906 flexaque
630 854 844 892 momento
878 851 1099 892 uariantur
1131 851 1269 892 sidera
1302 850 1460 905 templi.

404 922 478 963 sed
510 926 669 977 quanta
701 922 854 963 effectu
886 936 953 963 res
987 926 1061 974 est,
1096 926 1182 963 tam
1214 922 1340 977 plena
1371 922 1528 963 laboris

403 994 596 1035 cursibus
628 994 812 1035 aeternis
845 993 1051 1034 mundum
1083 1007 1158 1048 per
1190 993 1311 1047 signa
1343 993 1572 1044 uolantem,

403 1069 449 1106 ut
480 1068 614 1106 totum
645 1065 797 1106 lustret
828 1065 1015 1106 curuatis
1048 1064 1230 1106 arcubus
1263 1064 1422 1116 orbem,

404 1136 642 1191 exprimere
674 1140 716 1177 et
749 1137 889 1177 uultus
921 1137 1010 1177 eius
1043 1150 1296 1191 componere
1330 1140 1465 1176 certos

333 1223 385 1250 215
405 1222 454 1248 ac
485 1211 629 1249 tantae
649 1209 783 1253 ,molis
815 1208 1039 1249 minimum
1071 1207 1333 1262 deprendere
1364 1211 1582 1262 punctum,

405 1293 513 1334 quae
545 1293 643 1334 pars
677 1283 868 1320 exortum
902 1280 970 1320 uel
1004 1294 1111 1333 quae
1144 1279 1315 1333 fastigia
1347 1279 1495 1320 mundi

405 1354 479 1391 aut
510 1350 618 1391 ferat
650 1364 838 1403 occasus,
873 1354 945 1391 aut
976 1350 1060 1391 imo
1095 1350 1252 1391 sederit
1283 1351 1397 1391 orbe.

406 1435 483 1461 nec
515 1435 582 1462 me
615 1422 815 1476 uulgatae
849 1421 1023 1462 rationis
1055 1421 1258 1476 praeterit
1290 1422 1406 1473 ordo,

406 1506 515 1547 quae
548 1492 669 1534 binas
702 1493 848 1534 tribuit
880 1493 1011 1547 signis
1043 1492 1315 1547 surgentibus
1347 1492 1474 1533 horas

335 1580 387 1605 220
407 1568 448 1605 et
478 1564 653 1619 paribus
685 1564 832 1619 spatiis
866 1564 1061 1619 aequalia
1093 1564 1246 1619 digerit
1277 1568 1405 1615 astra,

407 1639 453 1677 ut
484 1639 604 1690 parte
637 1649 687 1676 ex
719 1635 806 1688 illa,
840 1650 924 1690 qua
955 1635 1119 1676 Phoebi
1152 1636 1337 1690 coeperit
1370 1635 1496 1687 orbis,

407 1707 596 1748 discedat
628 1721 829 1748 numerus
862 1721 1157 1762 summamque
1191 1707 1483 1748 accommodet
1514 1707 1651 1759 astris,

407 1779 541 1820 donec
572 1779 796 1833 perueniat
827 1778 1038 1820 nascentis
1070 1783 1236 1833 tempus
1270 1779 1323 1819 ad
1354 1779 1508 1833 ipsum,

410 1854 535 1904 atque
568 1849 640 1891 ubi
673 1850 919 1903 substiterit,
954 1850 1122 1904 signum
1154 1849 1318 1890 dicatur
1351 1849 1463 1890 oriri.

337 1936 388 1963 225
410 1921 482 1962 sed
514 1921 623 1962 iacet
655 1921 825 1976 obliquo
859 1922 1077 1976 signorum
1110 1921 1293 1962 circulus
1327 1921 1439 1972 orbe,

408 1996 534 2047 atque
568 1992 652 2033 alia
683 1993 848 2034 inflexis
881 1993 1074 2034 oriuntur
1107 1992 1247 2033 sidera
1278 1993 1493 2043 membris,

409 2068 473 2104 ast
505 2064 587 2105 illis
620 2065 755 2118 magis
788 2068 850 2105 est
883 2068 1021 2105 rectus
1055 2064 1324 2119 surgentibus
1358 2064 1475 2115 ordo,

409 2139 456 2175 ut
488 2135 659 2190 propius
692 2135 813 2177 nobis
845 2135 1017 2190 aliquod
1051 2136 1119 2176 uel
1150 2135 1317 2189 longius
1349 2139 1509 2176 astrum
1543 2139 1616 2176 est.

410 2207 481 2247 uix
513 2207 606 2247 finit
638 2207 753 2248 luces
786 2222 951 2258 cancer,
986 2208 1056 2248 uix
1090 2207 1240 2248 brunia
1272 2207 1453 2257 reducit;

339 2292 391 2318 230
411 2292 537 2332 quam
572 2278 713 2319 breuis
745 2279 817 2319 illa
848 2280 971 2331 iacet,
1006 2282 1091 2319 tam
1124 2279 1276 2332 longus
1309 2279 1490 2319 circulus
1524 2278 1591 2318 hic
1622 2282 1695 2319 est.

410 2349 515 2389 libra
550 2349 744 2404 ariesque
777 2364 924 2405 parem
957 2350 1140 2390 reddunt
1173 2353 1423 2403 noctemque
1457 2349 1674 2404 diemque3

411 2420 469 2460 sic
502 2420 644 2461 media
676 2421 875 2462 extremis
907 2425 1100 2476 pugnant
1131 2424 1404 2475 extremaque
1437 2421 1625 2461 summis.

341 2543 430 2577 ante
457 2544 523 2578 ‘203
550 2555 616 2587 quo
640 2537 676 2578 r‘k
701 2539 743 2589 02²5
767 2544 979 2579 inueniatur
997 2554 1020 2587 g
1046 2543 1149 2578 idem
1168 2543 1206 2578 in
1228 2543 1400 2587 margine
1419 2543 1443 2586 1,
1470 2543 1507 2578 in
1536 2544 1643 2578 textu
1665 2553 1698 2577 m
1726 2542 1867 2587 (hopus)
1887 2562 1929 2566 -

200 2609 267 2643 204
293 2608 424 2642 natalis
442 2617 462 2642 o
491 2609 603 2652 (qums
628 2609 758 2643 natalis
783 2619 878 2644 corr.
907 2619 950 2644 ex
978 2609 1055 2653 quie
1075 2608 1247 2643 asnatalis
1267 2608 1318 2650 m)
1345 2627 1386 2631 —
1414 2609 1481 2643 205
1506 2609 1662 2643 inmenso
1681 2618 1701 2643 o
1723 2628 1762 2631 —
1785 2610 1850 2643 206
1868 2607 1931 2642 sub

198 2672 304 2708 stellis
321 2682 341 2708 o
363 2692 403 2696 ——
424 2674 492 2708 208
517 2670 610 2717 (pfl
634 2686 697 2717 que
722 2684 757 2708 in
791 2685 878 2717 (latae
903 2684 955 2717 gc
983 2694 1023 2696 —
1053 2675 1121 2709 210
1148 2678 1319 2708 memento
1337 2684 1373 2708 ni
1412 2695 1453 2698 -
1489 2675 1555 2708 213
1582 2674 1635 2708 Et
1657 2674 1696 2708 lc
1734 2678 1773 2708 ut
1797 2683 1867 2717 gin
1888 2692 1928 2696 —

202 2739 268 2772 214
299 2737 475 2782 exprimet
503 2740 537 2772 et
558 2748 579 2773 0
611 2761 656 2764 ——
688 2740 754 2773 215
785 2741 1027 2783 comprendere
1050 2749 1074 2782 g
1108 2758 1148 2761 ——
1184 2740 1250 2773 216
1283 2734 1375 2783 ‘1⁸⁶1
1412 2758 1453 2761 --
1488 2740 1554 2773 217
1585 2740 1730 2783 auferat
1753 2748 1773 2773 0
1811 2738 1885 2772 ima
1911 2749 1930 2773 c

200 2803 270 2837 imo
293 2814 319 2835 ω
355 2803 432 2838 orbe
452 2813 472 2838 ο
518 2823 554 2827 -
594 2805 660 2838 219
697 2803 887 2839 orientibus
918 2814 955 2838 m
1001 2804 1221 2848 sumentibus
1251 2814 1278 2836 ω
1319 2815 1398 2838 oras
1424 2814 1442 2838 c
1481 2823 1522 2826 —
1554 2806 1622 2839 220
1658 2803 1779 2848 spondis
1803 2814 1841 2838 m
1872 2803 1928 2846 (L)

201 2867 331 2912 degerit
350 2878 370 2904 0
387 2888 429 2892 ——
449 2870 516 2904 225
542 2869 658 2903 orbem
676 2878 713 2903 [n
731 2891 775 2894 —
796 2870 863 2904 228
884 2869 1057 2913 proprius
1074 2869 1086 2903 l
1106 2869 1278 2913 proprius
1296 2878 1331 2903 m
1357 2868 1438 2912 alqd
1456 2868 1527 2912 lgc
1550 2888 1591 2892 ἢ
1614 2870 1680 2903 229
1705 2869 1770 2903 uim
1791 2871 1877 2903 sunt
1894 2878 1928 2902 n]

201 2933 293 2968 luces
319 2943 390 2968 om.
413 2944 450 2968 m
477 2934 641 2968 brumare
666 2933 763 2969 ducit
780 2944 815 2968 ni
847 2957 885 2960 —
914 2935 982 2969 230
1007 2934 1068 2969 illa
1086 2944 1106 2968 o
1132 2933 1268 2978 longius
1286 2944 1309 2978 g
1335 2933 1465 2968 circula
1486 2943 1532 2967 m.
