2106 3334
757 134 866 171 Liber
894 133 940 171 Π.
992 137 1189 171 551-580,
1779 137 1829 176 51

320 281 462 322 hostis.
526 280 583 319 sic
617 279 790 319 totidem
823 279 981 319 bellum
1015 278 1293 319 subscribitur
1324 277 1458 318 astris.

321 353 493 405 erigone
524 354 777 403 taurumque
809 350 928 390 timet
960 349 1261 403 geminumque
1294 348 1371 388 sub
1405 362 1503 388 arcu

322 426 569 463 centaurum
601 425 641 461 et
674 421 809 475 pisces
842 425 883 461 et
915 425 967 470 te,
1003 420 1262 474 capricornQ
1295 420 1516 473 rigentem.

320 494 504 534 maxima
536 492 660 533 turba
692 492 797 546 petit
828 491 998 532 libram:
1035 491 1307 544 capricornus
1340 495 1381 530 et
1412 490 1472 530 illi

248 580 300 607 555
321 564 526 604 aduersus
558 577 723 614 cancer,
758 563 887 603 chelis
921 562 1033 615 quod
1066 567 1291 615 utrumque
1325 561 1578 614 quadratum
1611 563 1686 612 est,

320 636 476 689 quique
510 635 552 674 in
583 634 759 688 lanigeri
795 637 1072 674 numerantur
1104 633 1225 686 signa
1256 632 1482 685 trigonum.

320 706 506 760 scorpios
538 705 580 745 in
614 704 788 745 totidem
821 703 1028 744 fecundus
1061 702 1247 743 creditur
1279 702 1434 753 hostes,

320 789 579 830 aequoreum
610 775 824 825 iuuenem,
859 774 1064 828 geminos,
1100 777 1267 813 taurum
1301 776 1427 826 atque
1459 772 1639 823 leonem,

321 848 537 901 erigonen,
570 846 807 899 libramque
840 845 950 898 fugit
981 843 1233 884 metuendus
1267 847 1308 883 et
1339 843 1431 897 ipsi.

248 932 301 959 560
321 917 478 971 quique
510 916 701 971 sagittari
734 916 912 956 ueniunt
943 915 995 955 de
1027 914 1165 955 sidere
1197 918 1356 968 partus,

319 989 396 1029 hos
429 987 609 1042 geminis
642 987 729 1027 nati
762 987 954 1040 libraque
988 989 1028 1025 et
1061 985 1226 1039 uirgine
1262 988 1304 1025 et
1336 998 1441 1025 urna

320 1059 577 1114 depressisse
610 1058 758 1098 uolunt
789 1061 943 1097 natura
975 1061 1016 1096 et
1049 1057 1140 1109 lege
1174 1056 1357 1096 iubente.

317 1130 421 1170 haec
454 1129 617 1180 eadem,
651 1129 910 1183 capricorne,
946 1128 1027 1167 tuis
1059 1127 1231 1167 inimica
1263 1126 1469 1167 feruntur.

318 1205 361 1241 at
393 1215 497 1255 quos
530 1200 713 1241 aeternis
744 1199 962 1253 perfundit
995 1198 1197 1252 aquarius
1227 1197 1364 1248 undis,

249 1288 300 1314 565
320 1273 361 1312 in
395 1285 583 1326 pugnam
616 1270 855 1311 Nemeaeus
889 1270 976 1324 agit
1007 1274 1227 1323 totumque
1259 1269 1489 1322 trigonum„

320 1343 444 1384 turba
476 1342 553 1383 sub
586 1342 711 1383 unius
743 1342 910 1382 iuuenis
942 1341 1098 1381 uirtute
1130 1340 1330 1380 ferarum.

320 1414 506 1469 piscibus
538 1418 704 1454 exortos
736 1413 901 1453 uicinus
935 1412 1134 1466 aquarius
1167 1415 1320 1465 urguet

321 1489 362 1525 et
391 1485 549 1538 gemini
582 1484 734 1525 fratres
768 1489 808 1523 et
840 1497 945 1537 quos
979 1482 1050 1523 dat
1082 1482 1260 1536 uirginis
1293 1486 1467 1531 astrum,

322 1555 478 1609 quique
511 1555 702 1609 sagittari
735 1553 997 1595 descendunt
1029 1553 1166 1593 sidere
1199 1553 1299 1593 nati.

250 1642 302 1667 570
322 1640 400 1666 nec
433 1626 522 1667 sola
554 1630 616 1666 est
648 1626 768 1675 ratio,
804 1639 912 1679 quae
946 1624 1017 1665 dat
1049 1623 1322 1664 nascentibus
1355 1636 1472 1663 arma

319 1698 448 1751 inque
481 1696 625 1738 odium
658 1700 834 1750 generat
867 1700 1013 1750 partus
1046 1699 1087 1735 et
1119 1698 1266 1734 mutua
1298 1694 1420 1742 uelle,

322 1768 395 1809 sed
426 1768 675 1822 plerumque
708 1772 883 1807 manent
914 1766 1085 1807 inimica
1118 1766 1242 1805 tertia
1274 1778 1468 1819 quaeque

321 1840 414 1893 lege
446 1839 488 1879 in
521 1843 811 1880 transuersum
845 1838 966 1878 uultu
999 1837 1138 1877 defixa
1170 1836 1370 1890 maligno⁷

322 1924 489 1964 quoque
522 1914 696 1951 manent
728 1923 1021 1963 quaecumque
1053 1908 1145 1948 loco
1179 1907 1393 1948 contraria
1426 1907 1561 1960 signa,

251 1996 303 2021 575
322 1981 609 2036 aduersosque
643 1984 796 2034 gerunt
827 1981 936 2021 inter
969 1993 1012 2020 se
1045 1979 1226 2033 septima
1257 1979 1388 2026 uisus,

322 2052 446 2092 tertia
478 2066 671 2107 quaeque
702 2052 784 2092 illis
816 2051 1036 2105 utriusque
1069 2050 1236 2104 trigona
1268 2050 1477 2090 feruntur.

323 2137 400 2164 nec
433 2124 485 2164 sit
517 2123 771 2173 mirandum⁷
806 2123 839 2163 si
872 2122 1023 2163 foedus
1056 2136 1139 2162 nou
1172 2121 1297 2162 datur
1329 2121 1467 2170 astris,

322 2209 430 2249 quae
463 2199 560 2236 sunt
591 2195 782 2236 aduersis
815 2195 947 2248 signis
980 2197 1161 2248 cognata
1193 2193 1372 2247 trigona.

323 2279 399 2320 per
429 2270 491 2307 tot
522 2267 741 2320 signorum
773 2265 934 2320 species
967 2264 1180 2305 contraria
1211 2267 1391 2317 surgunt

253 2352 305 2377 580
324 2351 501 2392 corpora
533 2341 678 2391 totque
712 2337 848 2378 modis
880 2336 1032 2377 totiens
1065 2335 1238 2376 inimica
1269 2337 1480 2376 creantur.

255 2474 317 2507 551
348 2472 453 2507 hostis
475 2472 535 2507 sed
553 2482 573 2507 o
594 2491 634 2495 ——
655 2474 722 2507 552
751 2474 961 2516 taurumque
979 2470 1069 2505 linet
1080 2469 1328 2515 yemimimque
1344 2468 1407 2504 sub
1425 2479 1512 2503 arcu
1530 2477 1551 2503 0
1574 2487 1619 2491 —
1641 2468 1709 2502 554
1732 2465 1844 2511 capri-

113 2548 239 2572 cornus
254 2532 307 2555 (Ψ
321 2536 397 2571 illi]
420 2556 459 2560 —
481 2538 547 2572 556
573 2537 699 2581 quique
718 2548 738 2569 o
761 2554 801 2559 κ-
821 2537 886 2570 557
912 2536 1061 2579 scorpios
1081 2544 1101 2569 ο
1131 2534 1270 2569 hostiso
1296 2554 1336 2557 —-
1362 2535 1429 2569 559
1455 2533 1621 2578 eriyonel
1644 2533 1778 2577 erigone
1792 2541 1843 2575 gc

113 2605 148 2637 et
171 2603 288 2646 srmone
310 2612 345 2637 m
376 2601 570 2646 librumque
588 2611 609 2637 0
641 2602 713 2646 ipse
732 2611 752 2635 0
781 2620 823 2624 —
857 2602 925 2635 560
955 2587 1215 2645 sagittfflirissl
1246 2599 1425 2643 sagittarii
1443 2608 1511 2643 gm
1542 2597 1731 2643 saqittiferi
1748 2607 1768 2632 c
1802 2615 1844 2620 —-

114 2668 177 2702 561
212 2667 406 2712 libramque
425 2667 438 2701 l
475 2667 632 2711 libraque
651 2677 688 2701 m
724 2667 880 2709 libraque
900 2676 952 2710 gc
974 2685 1014 2688 —
1039 2666 1104 2700 562
1130 2666 1267 2699 natura
1288 2668 1320 2699 et
1343 2665 1410 2709 leqe
1424 2663 1514 2708 lgm
1539 2664 1608 2707 leq?
1625 2666 1660 2698 et
1673 2664 1808 2698 natura
1825 2672 1844 2697 c

112 2731 311 2775 iubentem]
324 2732 462 2767 iubente
471 2742 533 2776 gn]
551 2732 725 2767 iubentem
737 2741 755 2765 c
768 2750 808 2753 —
819 2733 885 2765 564
900 2730 946 2765 ad
956 2729 1058 2774 quosl
1069 2749 1111 2753 »-
1121 2731 1188 2765 565
1199 2729 1446 2774 inpuynamm
1463 2729 1509 2763 ad
1515 2740 1590 2772 μω
1607 2738 1751 2763 ‘nemeus
1764 2737 1785 2763 0
1801 2746 1843 2750 —

115 2798 180 2832 567
200 2797 315 2841 pisces
331 2799 473 2832 exortus
490 2806 511 2832 0
535 2799 662 2841 uryuet
679 2807 743 2831 mc
765 2815 805 2818 —
827 2796 893 2830 569
910 2782 1109 2840 sayz'ttiii'il
1135 2794 1315 2839 sagittarii
1338 2804 1409 2838 gm
1436 2793 1629 2838 sagittiferi
1652 2802 1672 2827 c
1694 2782 1844 2835 emerim

113 2861 227 2896 sidera
249 2871 284 2896 m
324 2861 437 2896 sidere
461 2871 512 2906 gc
547 2884 590 2888 a
626 2864 690 2897 571
731 2863 765 2895 et
788 2870 808 2895 ο
836 2862 979 2904 generet
1001 2869 1021 2894 ο
1054 2879 1096 2883 -
1131 2861 1198 2895 576
1230 2861 1415 2904 utriusque
1439 2868 1460 2894 o
1491 2878 1536 2882 -
1569 2860 1635 2893 577
1667 2857 1776 2893 nescit
1798 2856 1845 2900 lg

114 2937 178 2961 nec
218 2926 264 2961 sit
303 2936 368 2961 mc
415 2926 568 2971 phoebus
605 2936 626 2961 o
679 2945 720 2949 »-
767 2927 833 2960 578
882 2925 1028 2959 aduersi
1070 2924 1128 2959 lm
1183 2924 1341 2959 aduersis
1383 2934 1435 2968 gc
1486 2943 1527 2947 ——
1573 2923 1642 2958 580
1687 2921 1846 2967 quotiens

118 3002 263 3026 ‘mimica
283 3002 313 3026 (5.

1707 3058 1750 3092 4*
