2106 3334
228 103 291 145 iv

339 245 418 287 Ms.
468 244 570 301 phil.
625 243 704 285 139
759 242 1041 284 bibliothecae
1094 237 1406 294 Gottingensis)
1422 237 1476 292 ²¹²),
1533 239 1653 279 cuius
1708 237 1945 279 collationis

339 315 626 371 inspiciendae
668 315 788 368 copia
831 313 934 353 mihi
975 312 1088 352 facta
1129 316 1192 352 est
1232 324 1268 351 a.
1307 310 1417 351 1890
1459 314 1501 350 et
1541 309 1650 349 1892
1683 309 1945 362 benignitate

340 387 558 428 directoris
586 384 877 437 Gottingensis
910 382 1204 423 bibliothecae.
1260 381 1367 422 Tum
1397 378 1504 420 Rob.
1529 377 1657 429 Ellis,
1691 379 1756 419 uir
1778 378 1830 419 de
1862 378 1946 419 Ma-

339 458 507 498 nilianis
545 455 691 496 studiis
724 454 881 508 optime
915 453 1102 503 meritus,
1133 451 1293 493 Matriti
1327 466 1361 492 a.
1397 451 1505 492 1892
1540 450 1728 491 codicem
1758 449 1946 500 eontulit,

341 528 691 580 collationemque
726 538 845 565 suam
879 523 1008 576 (Voll.
1036 523 1118 564 VH
1151 527 1192 563 et
1219 522 1324 563 VIII
1347 521 1551 563 Classical
1576 520 1748 561 Review
1771 534 1808 560 a.
1838 519 1945 561 1893

341 603 382 638 et
431 596 561 649 1894)
610 595 769 650 publici
806 595 910 636 iuris
949 594 1067 646 fecit3
1116 594 1228 635 idem
1261 594 1344 634 iam
1385 608 1421 633 a.
1466 593 1574 633 1893
1622 591 1673 632 de
1718 591 1861 632 codice
1905 592 1947 631 in

340 668 617 709 Hermathen.
668 666 738 707 Nr.
771 666 879 707 XIX
919 666 1088 720 copiose
1129 665 1340 706 disseruit.
1393 664 1566 719 Aliquot
1602 663 1706 704 locis
1742 662 1870 703 L'owe
1908 665 1950 701 et

341 739 444 780 Ellis
476 740 586 779 inter
618 753 662 779 se
696 738 951 792 disc-repant,
985 737 1095 791 quod
1130 736 1404 777 indicandum
1438 735 1597 790 putaui.

364 822 524 863 Verum
558 826 601 862 ut
641 821 740 876 quid
775 822 838 862 his
877 821 1091 862 codicibus
1130 821 1391 861 auctoritatis
1424 819 1695 860 tribuendum
1733 819 1798 869 sit,
1844 817 1950 858 diiu-

224 892 399 944 dicetur,
447 893 643 933 addenda
688 892 892 933 nonnulla
941 893 992 932 de
1037 892 1252 932 codicibus
1297 896 1338 932 et
1381 890 1593 945 Lipsiensi
1632 895 1672 931 et
1713 889 1949 930 Matritensi

224 964 432 1004 uidentur.
483 963 529 1003 ln
557 963 766 1018 Lipsiensi
790 963 1012 1004 scribendo
1036 968 1121 1004 tres
1144 963 1231 1003 fere
1254 963 1417 1004 scribae
1441 977 1484 1003 se
1513 961 1728 1016 excepisse
1752 960 1951 1001 uidentur

225 1033 283 1086 (1.
310 1035 362 1075 ab
386 1034 504 1075 initio
529 1049 661 1088 usque
684 1035 738 1075 asl
766 1034 838 1075 fol.
864 1037 933 1087 55,
968 1035 1005 1074 2.
1032 1034 1085 1074 ad
1118 1034 1187 1075 fol.
1214 1035 1283 1086 86,
1318 1038 1405 1074 tum
1437 1036 1674 1087 sequuntur
1695 1037 1779 1072 tres
1802 1044 1951 1071 uersus

224 1105 373 1145 litteris
413 1105 585 1146 minutis
628 1105 785 1159 scripti,
820 1106 873 1145 ad
913 1109 1148 1145 extremum
1182 1119 1332 1146 manus
1365 1105 1502 1159 prima.
1535 1102 1754 1155 recurrit)·,
1787 1102 1951 1142 litterae

225 1190 421 1229 magnae5
460 1190 621 1230 paucae
667 1176 1021 1216 abbreuiationes.
1097 1175 1180 1215 Sed
1222 1175 1263 1215 hi
1305 1175 1468 1216 scribae
1510 1189 1615 1229 opus
1656 1173 1951 1228 imperfectum

225 1246 558 1287 rubricatoribns
588 1247 895 1287 absoluendum
926 1247 1201 1301 reliquerunt,
1232 1247 1303 1300 qui
1333 1247 1516 1297 titulum,
1548 1246 1763 1296 lemmata,
1791 1245 1953 1285 litteras

225 1317 408 1357 initiales
432 1318 593 1371 spatiis,
626 1332 735 1371 qnae
760 1332 895 1358 uacua
923 1318 1070 1358 relicta
1093 1322 1228 1369 erant,
1257 1318 1548 1371 appingerent.
1598 1316 1680 1362 Qui
1709 1315 1848 1356 officio
1878 1329 1953 1355 suo

226 1387 268 1427 in
301 1387 406 1427 libro
441 1387 575 1441 primo
607 1388 663 1427 ito
696 1389 1005 1438 satisfecerunt,
1041 1392 1086 1428 ut
1108 1387 1274 1428 titulum
1299 1387 1448 1428 litteris
1471 1387 1722 1437 uncialibus,
1755 1386 1956 1426 lemmata

226 1457 372 1511 spatiis
405 1458 624 1498 destinatis
649 1473 781 1512 usque
804 1458 858 1498 ad
890 1457 962 1498 iol.
988 1460 1036 1497 15
1061 1463 1159 1498 ante
1181 1473 1240 1499 vs.
1262 1459 1361 1506 606,
1384 1457 1567 1498 initiales
1596 1458 1756 1498 litteras
1778 1456 1955 1510 singulis

227 1528 421 1581 capitulis
470 1543 602 1582 usque
652 1529 702 1569 ad
757 1544 816 1569 vs.
863 1530 947 1569 420
1000 1528 1174 1581 (desunt
1221 1544 1280 1570 vs.
1327 1531 1425 1581 (565,
1477 1544 1538 1570 vs.
1584 1527 1689 1581 305)
1736 1527 1952 1568 adderent.

227 1598 416 1639 Tituluni
448 1599 627 1640 ARATI
662 1599 1020 1640 l'HlLOSOPHI
1055 1599 1516 1641 AsTRONOMICON
1551 1596 1555 1653 1
1591 1599 1698 1640 LIB.
1739 1597 1955 1639 PRIMVS

226 1668 446 1710 INCIPIT
468 1667 471 1724 Ι
491 1670 846 1710 PRELlssATIO
870 1671 942 1725 qni
966 1671 1007 1711 in
1030 1685 1179 1711 rasura
1202 1674 1352 1725 putant
1374 1671 1623 1724 inscriptum
1647 1684 1738 1711 esse
1757 1668 1957 1723 expuncti

228 1740 401 1780 alterius
434 1741 539 1792 loco,
564 1742 683 1781 cuius
708 1742 798 1795 ipsa
821 1741 1002 1795 uestigia
1031 1742 1240 1782 detexisse
1269 1742 1348 1782 sibi
1378 1742 1589 1793 uidentur,
1613 1744 1756 1781 errant
1777 1739 1957 1780 Iacobus

229 1816 270 1851 et
284 1811 535 1852 Bechertus:
556 1812 776 1866 perlucent
794 1827 895 1853 sane
913 1813 1078 1853 litterae
1097 1813 1321 1866 quaedam,
1340 1813 1463 1864 lectu,
1484 1813 1517 1853 si
1529 1811 1730 1853 Iacobum
1745 1811 1955 1861 audimus,

229 1882 438 1933 difficiles,
482 1883 634 1936 quibus
664 1881 1003 1923 'astronomicon'
1041 1883 1213 1924 subesse
1238 1883 1470 1924 Bechertus
1503 1883 1697 1937 opinatus
1730 1886 1804 1923 est.
1853 1881 1956 1922 Per-

228 1953 371 1993 lucent
403 1954 620 1994 eninmero
650 1953 815 1994 litterae
844 1954 1074 1995 nonnullae
1104 1969 1252 1995 uersus
1285 1956 1359 1995 21:
1395 1951 1465 1993 'acl
1497 1953 1580 1994 (luo
1615 1952 1775 2005 templa
1801 1964 1957 2005 precor

230 2021 398 2074 duplici
430 2022 728 2063 circumdatus
762 2023 911 2076 acstcst,
946 2025 1018 2079 qui
1050 2040 1198 2066 uersus
1232 2025 1441 2066 secundus
1479 2029 1541 2065 est
1572 2025 1614 2066 in
1648 2025 1748 2066 folio
1776 2023 1850 2076 lv,
1884 2024 1957 2065 sed

229 2094 449 2147 perlucent
471 2094 639 2135 innerso
664 2095 810 2136 ordine
833 2095 1012 2150 ideoque
1041 2097 1153 2137 lectu
1176 2101 1273 2137 sunt
1294 2096 1567 2137 difficiliores.
1621 2096 1795 2138 Habent
1816 2100 1957 2137 autem

231 2165 409 2205 eandem
433 2165 751 2219 inscriptionem
775 2166 971 2207 Cusanus
995 2172 1035 2208 et
1058 2168 1128 2222 qui
1153 2182 1177 2208 a
1206 2167 1375 2209 Cusano
1398 2167 1567 2221 pendet,
1592 2167 1641 2207 V.
1671 2170 1688 2208 1
1716 2167 1957 2220 (Leidensis

232 2235 309 2276 suh
333 2235 403 2275 Nr.
428 2234 514 2287 18).
570 2251 646 2277 nec
668 2237 829 2278 absona
851 2252 876 2278 a
899 2252 999 2279 uero
1023 2253 1072 2279 ea
1095 2244 1158 2279 est
1180 2239 1335 2293 opinio⁷
1359 2237 1727 2290 Gemblacensem,
1752 2239 1823 2280 ubi
1846 2253 1957 2279 nunc

232 2306 275 2345 in
298 2320 445 2346 rasura
474 2303 519 2346 C'
544 2304 711 2348 Mellitos
732 2309 861 2359 poeta
882 2323 1032 2349 manus
1055 2323 1164 2350 saec.
1188 2308 1295 2349 XVI
1318 2309 1544 2363 inscripsit,
1576 2309 1759 2350 eundem
1789 2310 1955 2350 titulum

231 2391 333 2430 prae
372 2391 415 2417 se
455 2376 612 2418 tulisse.
677 2378 838 2418 Verum
869 2378 977 2419 liber
1008 2379 1241 2434 Lipsiensis
1282 2380 1531 2420 correctoris
1570 2394 1756 2431 manum,
1797 2381 1957 2435 antiqui

232 2447 343 2488 illius
382 2447 566 2501 quidem,
613 2449 685 2489 sed
726 2454 895 2489 centuni
940 2450 1028 2490 fere
1061 2450 1183 2491 annis
1224 2450 1413 2503 iunioris,
1456 2450 1558 2491 locis
1596 2450 1686 2491 fere
1725 2451 1958 2492 innumeris

234 2522 430 2571 expertus
463 2523 539 2571 est,
572 2518 678 2560 adeo
712 2524 758 2560 ut
789 2520 1055 2574 Lipsiensem
1094 2536 1179 2562 non
1221 2526 1457 2562 correctum
1496 2526 1537 2562 et
1568 2521 1833 2576 Lipsiensem
1866 2536 1957 2563 cor-

233 2596 395 2629 rectum
435 2589 614 2630 duorum
654 2590 847 2631 codicum
886 2591 1021 2632 instar
1058 2593 1230 2633 credere
1269 2592 1416 2647 possis,
1453 2592 1524 2647 qui
1557 2606 1606 2633 ex
1640 2592 1808 2634 diuerso
1842 2593 1957 2634 fonte

234 2661 594 2713 promanauerint.
657 2661 697 2701 ls
732 2666 944 2703 corrector
972 2677 1047 2716 per
1071 2668 1205 2704 totum
1229 2663 1385 2704 librum
1408 2663 1593 2704 officium
1617 2677 1740 2704 suum
1761 2663 1819 2704 ita
1842 2678 1958 2704 exse-

235 2733 354 2769 cutus
372 2735 446 2781 est,
472 2735 516 2771 ut
532 2732 699 2785 punctis
719 2732 785 2772 uel
802 2732 966 2773 lineolis
990 2734 1217 2788 suppositis
1240 2733 1402 2775 litteras
1427 2734 1493 2774 uel
1516 2734 1699 2788 syllabas
1722 2734 1956 2785 damnaret,

1136 2796 1158 2815 4-
1169 2791 1284 2819 cingens

237 2824 517 2865 correctiones
540 2839 636 2866 suas
654 2826 987 2880 superscriberet
1005 2827 1059 2879 (e.
1078 2843 1111 2867 c.
1128 2828 1297 2882 tingens
1312 2829 1328 2865 I
1345 2829 1427 2869 582
1445 2829 1670 2884 mittatque
1686 2828 1738 2870 V.
1755 2829 1838 2872 408
1858 2828 1955 2881 etc).

329 2939 360 2982 ἧς)
388 2940 440 2975 Cf.
469 2939 595 2976 Zschr.
622 2941 646 2976 f.
674 2941 788 2976 klass.
817 2941 913 2977 Phil.
942 2944 1031 2978 1893
1058 2943 1119 2978 Nr.
1139 2945 1194 2980 25.
