2106 3334
742 137 852 173 Liber
878 137 921 172 ΙΙ.
972 138 1168 171 798-829.
1765 137 1816 176 59

309 284 392 323 ima
425 273 540 322 teness
574 285 748 336 quartus
782 280 957 321 fundato
992 279 1142 321 nobilis
1175 279 1289 330 orbe,

308 355 350 394 in
383 367 464 408 quo
496 352 750 407 principium
783 355 846 392 est
876 351 1035 391 reditus
1067 350 1247 404 finisque
1281 348 1455 390 cadendi

236 440 288 466 800
309 425 528 474 sideribus,
563 423 806 478 pariterque
839 436 1012 463 occasus
1045 421 1179 462 cernit
1211 424 1252 461 et
1284 424 1412 461 ortus.

308 496 411 536 haec
443 495 536 535 loca
568 495 819 549 praecipuas
852 494 963 534 uires
997 505 1268 546 summosque
1302 505 1376 545 per
1408 494 1541 531 artem

307 566 489 607 fatorum
524 565 697 606 effectus
729 565 933 613 referunt,
969 564 1080 618 quod
1113 567 1224 604 totus
1256 562 1299 603 in
1333 562 1412 602 illis

308 638 453 677 nititur
485 636 683 677 aetheriis
716 636 847 676 ueluti
881 634 1156 689 compagibus
1189 633 1315 674 orbis.

308 722 415 762 quae
448 708 527 748 nisi
558 708 771 762 perpetuis
806 707 969 747 alterna
1002 709 1113 746 sorte
1146 704 1359 745 uolantem

236 795 287 820 κως)
308 779 498 820 cursibus
531 779 742 832 excipiant
774 780 1029 830 nectantque
1062 776 1104 816 in
1137 775 1308 815 uincula
1340 774 1440 814 bina

307 863 383 904 per
414 850 546 889 latera
580 852 708 903 atque
742 848 873 888 imum
907 846 1053 901 templi
1086 860 1383 899 summumque
1416 859 1632 895 cacumen,

307 920 532 961 dissociata
562 919 666 960 fluat
697 919 880 960 resoluto
914 917 1111 958 machina
1143 916 1314 957 mundo.

377 991 448 1031 sed
482 991 651 1031 diuersa
683 994 835 1031 tamen·
856 990 921 1030 uis
953 992 1016 1029 est
1047 989 1089 1028 in
1123 987 1293 1028 cardine
1327 1001 1508 1041 quoque,

307 1065 347 1101 et
378 1076 453 1116 pro
488 1065 598 1102 sorte
631 1062 711 1102 loci
743 1060 913 1102 uariant
945 1064 1071 1114 atque
1103 1058 1249 1099 ordine
1283 1058 1451 1099 distant.

236 1148 287 1174 κιο
306 1133 467 1187 primus
500 1133 592 1184 erit,
626 1132 779 1173 summi
814 1132 885 1186 qui
916 1136 1067 1185 regnat
1099 1130 1284 1170 culmine
1316 1128 1419 1170 caeli

309 1208 350 1244 et
381 1204 569 1245 medium
602 1204 715 1244 tenui
750 1203 932 1258 partitur
963 1202 1095 1243 limite
1128 1201 1347 1251 mundum,

306 1289 431 1329 quem
465 1275 578 1329 capit
609 1275 776 1315 excelsa
808 1273 1032 1315 sublimem
1065 1272 1201 1327 gloria
1232 1271 1344 1312 sede.

307 1345 465 1387 scilicet
493 1346 597 1387 haec
631 1346 762 1386 tutela
794 1345 915 1386 decet
947 1343 1116 1398 fastigia
1148 1356 1326 1393 summa,

306 1417 506 1472 quicquid
537 1422 582 1458 ut
614 1417 800 1457 emineat
832 1415 911 1457 sibi
943 1414 1131 1455 uindicet
1162 1417 1203 1454 et
1235 1413 1363 1453 decus
1396 1426 1519 1453 omne

235 1503 286 1529 ³15
306 1491 468 1529 asserat
499 1492 540 1528 et
571 1488 713 1528 uarios
746 1486 971 1527 tribuendo
1006 1489 1155 1540 regnet
1185 1484 1387 1534 honores;

305 1559 403 1599 hinc
434 1559 558 1600 fauor
590 1562 631 1599 et
662 1558 823 1613 species
856 1562 983 1612 atque
1016 1556 1152 1597 omnis
1185 1555 1323 1610 gratia
1355 1554 1492 1609 uulgi:

306 1630 483 1670 reddere
514 1630 607 1670 iura
639 1629 745 1681 foro,
779 1642 1033 1683 componere
1064 1627 1230 1681 legibus
1263 1626 1410 1667 orbem

307 1700 633 1755 foederibusque
665 1701 750 1741 suis
783 1704 977 1740 externas
1008 1698 1186 1752 iungere
1218 1700 1366 1751 gentes

307 1775 347 1812 et
379 1785 454 1826 pro
488 1775 599 1812 sorte
633 1785 709 1811 sua
742 1770 946 1824 cuiusque
979 1768 1179 1809 extollere
1212 1782 1380 1808 nomen.

234 1856 286 1883 820
304 1843 534 1896 proximus,
569 1846 632 1883 est
663 1842 747 1882 ima
781 1854 1041 1896 quamquam
1075 1839 1255 1880 statione
1287 1839 1462 1890 locatus,

306 1913 484 1954 sustinet
516 1913 700 1954 aeternis
733 1913 879 1953 nixum
910 1911 1124 1952 radicibus
1156 1910 1315 1951 orbem.

307 1985 460 2025 effectu
492 1984 630 2025 minor
662 1985 705 2025 in
738 1983 892 2038 specie,
926 1982 999 2023 sed
1032 1982 1168 2022 maior
1197 1981 1241 2022 in
1274 1995 1353 2022 usu

306 2056 584 2096 fundamenta
616 2058 731 2096 tenet
763 2068 904 2095 rerum
939 2067 1175 2107 censusque
1209 2051 1437 2107 gubernat:

306 2140 433 2180 quam
465 2130 557 2168 rata
589 2126 672 2167 sint
703 2125 827 2166 fossis
860 2128 1072 2165 scrutatur
1104 2127 1205 2164 uota
1236 2123 1416 2164 metallis

234 2212 286 2239 825
306 2202 432 2252 atque
465 2212 517 2238 ex
549 2197 713 2239 occulto
747 2200 953 2251 quantum
986 2196 1233 2249 contingere
1263 2195 1412 2249 possiS.

308 2269 454 2310 tertius
488 2269 657 2324 aequali
688 2268 852 2323 pollens
885 2267 927 2308 in
960 2271 1095 2322 parte,
1128 2267 1335 2307 nitentem

302 2340 374 2394 qui
405 2344 522 2381 tenet
553 2343 760 2390 exortum,
795 2353 878 2393 qua
909 2338 1095 2393 primum
1128 2338 1267 2379 sidera
1300 2342 1492 2392 surgunt,

306 2411 418 2451 unde
450 2411 539 2452 dies
572 2411 682 2452 redit
713 2418 754 2450 et
786 2414 952 2464 tempus
985 2409 1176 2450 discribit
1207 2408 1250 2449 in
1282 2409 1421 2460 horas,
1461 2434 1509 2436 ——

308 2481 405 2522 hinc
437 2482 547 2523 inter
580 2481 734 2523 Graias
766 2481 1028 2535 horoscopus
1062 2480 1200 2521 editur
1232 2479 1358 2520 urbes

192 2611 258 2645 799
286 2606 408 2653 Ῑιὶηἱεψ1
434 2610 445 2644 l
493 2597 644 2653 carsiendi
671 2610 683 2644 l
714 2609 864 2644 canendi
887 2620 911 2653 g
949 2608 1096 2644 cauendi
1126 2618 1163 2642 m
1200 2608 1348 2644 cadendi
1371 2619 1389 2643 c
1424 2628 1466 2631 ψ
1500 2610 1567 2643 803
1593 2608 1734 2660 other-iis
1758 2608 1769 2642 l
1799 2611 1833 2643 et

97 2676 190 2710 heris
207 2685 244 2710 m
272 2694 313 2698 —
340 2675 407 2710 805
433 2662 657 2719 metantquel
682 2694 725 2698 -—
751 2674 819 2709 806
845 2686 960 2708 anum
978 2683 1015 2708 m
1045 2692 1083 2696 —
1109 2674 1176 2708 812
1203 2673 1313 2708 ueml
1338 2675 1434 2718 capit
1457 2683 1529 2709 om.
1549 2683 1569 2708 c
1593 2674 1705 2708 eoa-elsa
1724 2683 1760 2708 111
1785 2694 1829 2697 —

99 2742 167 2775 814
204 2740 368 2784 quscquid
389 2739 479 2784 lgm
519 2740 559 2775 ds
582 2749 602 2774 o
640 2740 711 2775 omi
735 2749 755 2773 0
794 2759 835 2762 —
876 2739 943 2774 815
975 2734 1152 2782 aZIscratl
1190 2738 1264 2773 ads.
1289 2748 1325 2773 m
1363 2741 1500 2773 asserat
1521 2748 1573 2783 gc
1611 2743 1700 2782 reqet
1725 2748 1746 2773 0
1786 2758 1827 2761 —

99 2807 165 2840 816
198 2804 269 2840 omi
292 2804 368 2848 lgc
399 2805 493 2839 omni
517 2814 553 2838 m
583 2816 650 2849 gra
674 2804 718 2847 lg
746 2803 864 2848 qratia
891 2813 925 2837 u]
955 2805 1015 2847 ρέα
1039 2812 1058 2837 c
1092 2820 1133 2825 —
1168 2804 1235 2838 818
1265 2805 1383 2847 yeates
1406 2813 1427 2838 o
1461 2823 1502 2826 —
1537 2804 1601 2838 821
1638 2803 1784 2838 alternis
1809 2813 1829 2837 o

99 2870 252 2904 minctum
283 2878 304 2904 o
342 2888 384 2892 —-
425 2870 491 2903 822
528 2869 656 2913 species
685 2878 706 2903 o
745 2887 787 2891 —
827 2870 894 2903 824
932 2858 1018 2911 rara
1049 2867 1061 2901 l
1099 2878 1187 2901 rara
1215 2877 1240 2911 g
1282 2872 1362 2903 rata
1386 2878 1452 2903 mc
1487 2870 1697 2903 scrutantur
1725 2878 1746 2902 o
1787 2889 1828 2891 —

101 2934 168 2969 825
189 2934 301 2978 possis
319 2943 340 2968 0
368 2953 409 2956 —
437 2935 503 2968 826
530 2936 634 2977 atque
660 2933 711 2969 illi
730 2943 750 2967 Ο
778 2933 895 2968 tollens
914 2942 934 2967 Ο
954 2951 995 2955 ——
1017 2934 1085 2967 828
1110 2943 1186 2967 ‘arta
1205 2942 1226 2967 ο
1252 2932 1348 2967 dedit
1369 2943 1390 2967 o
1417 2933 1582 2969 (lesa-ibet
1599 2942 1619 2967 0
1644 2943 1727 2967 aras
1744 2943 1768 2977 g
1787 2953 1828 2957 —

101 3000 168 3033 829
194 2999 398 3043 horoscopus
422 3007 453 3033 0.
