2106 3334
782 108 890 143 Liber
919 109 943 143 1.
999 110 1191 144 188-219.
1824 113 1846 151 7

334 255 374 292 et
406 255 556 292 natura
589 251 679 291 uias
712 255 864 301 seruet,
899 265 1002 305 quas
1036 251 1195 291 fecerat
1226 252 1329 306 ipsa,

333 338 409 364 nec
438 322 630 363 tirocinio
664 326 810 376 peccet
843 321 1085 376 circumque
1118 322 1280 363 feratur

265 409 314 435 190
335 397 506 434 aeterna
539 407 635 433 cum
667 393 761 433 luce
793 393 896 445 dies,
931 393 1043 446 quod
1076 397 1268 448 tempora
1300 397 1538 434 monstrant

333 479 443 505 nunc
476 464 540 504 his
574 478 684 504 nunc
717 464 799 504 illis
832 464 980 504 eadem
1014 464 1259 518 regionibus
1292 465 1418 515 orbis,

332 549 497 589 semper
530 538 571 575 et
602 534 775 575 ulterior
808 534 1061 575 uadentibus
1095 539 1210 576 ortus
1243 535 1295 576 ad
1329 539 1459 585 ortus,

333 620 585 647 oceasumue
618 605 775 646 obitus:
811 605 973 646 caelum
1007 619 1102 646 cum
1135 606 1222 646 sole
1254 610 1471 660 perennat.

404 703 480 729 nec
513 702 614 729 uero
648 688 898 729 admiranda
928 688 1003 728 tibi
1035 692 1187 728 natura
1219 688 1355 729 uideri

263 775 311 801 195
333 760 554 814 pendentis
587 763 724 799 terrae
757 758 894 809 debet,
929 772 1024 798 cum
1058 758 1241 812 pendeat
1272 759 1361 813 ipse

332 830 513 871 mundus
547 834 586 870 et
619 830 661 870 in
695 829 809 870 nullo
842 834 972 883 ponat
1004 829 1184 882 uestigia
1216 829 1359 875 fundo,

330 901 441 956 quod
475 904 674 964 patetex
704 901 795 954 ipso
828 904 946 941 motu
979 914 1189 954 cursuque
1222 900 1418 953 uolantis,

333 986 427 1013 cum
460 985 689 1026 suspensus
722 974 790 1011 eat
822 970 1019 1012 Phoebus
1053 980 1305 1025 currusque*
1320 971 1510 1012 reflectat

331 1044 413 1084 huc
445 1043 543 1084 illuc
576 1028 697 1096 eigilis
731 1046 772 1083 et
803 1046 944 1083 seruet
976 1043 1018 1082 in
1053 1042 1224 1083 aethere
1257 1046 1411 1095 metas3

259 1130 311 1156 200
331 1128 427 1155 oum
459 1114 560 1154 luna
592 1117 633 1154 et
664 1113 811 1153 stellae
844 1113 1023 1153 uolitent
1054 1127 1130 1167 per
1162 1113 1305 1154 inania
1337 1113 1499 1163 mundi,

331 1189 443 1226 terra
477 1198 644 1239 quoque
678 1184 814 1225 aerias
846 1184 962 1238 leges
994 1184 1158 1224 imitata
1191 1183 1402 1238 pependit.

331 1260 394 1297 est
425 1256 554 1311 igitur
585 1255 710 1296 tellus
744 1255 929 1296 mediam
962 1254 1110 1295 sortita
1143 1269 1372 1296 cauernam

331 1328 440 1368 aeris
472 1331 513 1368 et
545 1331 630 1368 toto
664 1327 823 1381 pariter
856 1327 1021 1367 sublata
1054 1326 1264 1380 profundo

332 1414 408 1440 uec
440 1398 605 1453 patulas
638 1398 820 1439 distenta
854 1398 1000 1452 plagas
1033 1398 1107 1438 sed
1140 1397 1308 1438 condita
1341 1398 1382 1437 in
1416 1397 1561 1438 orbem

261 1487 311 1512 205
332 1471 518 1525 undique
552 1473 795 1523 surgentem
828 1470 987 1523 pariter
1020 1468 1261 1523 pariterque
1295 1469 1528 1509 cadentem.

333 1543 435 1583 haec
470 1550 532 1582 est
564 1544 741 1582 naturae
775 1540 924 1590 facies3
958 1540 1017 1580 sic
1050 1539 1232 1580 mundus
1266 1543 1307 1580 et
1338 1540 1428 1594 ipse

333 1615 373 1654 in
408 1626 598 1654 connexa
632 1611 781 1652 uolans
813 1611 962 1651 teretis
995 1611 1097 1651 facit
1127 1625 1219 1651 esse
1251 1611 1408 1665 figuras

331 1685 567 1733 stellarun13
602 1683 786 1737 solisque
820 1682 962 1723 orbem
998 1682 1209 1736 lunaeque
1242 1681 1470 1722 rotundum

331 1755 560 1810 aspicimus
593 1754 754 1794 tumido
788 1753 1030 1807 quaerentis
1064 1767 1239 1807 corpore
1272 1753 1430 1804 lumen,

260 1843 311 1869 210
332 1827 443 1881 quod
476 1826 626 1879 globus
659 1825 851 1878 obliquos
885 1828 994 1864 totus
1028 1838 1111 1864 11011
1145 1823 1297 1878 accipit
1329 1824 1461 1877 ignes,

333 1899 436 1938 haec
471 1901 643 1938 aeterna
677 1900 819 1936 munet
852 1895 1046 1949 diuisque
1080 1894 1294 1935 simillima
1326 1894 1477 1944 forma,

332 1970 399 2010 cui
432 1983 568 2023 neque
602 1967 855 2022 principium
888 1972 950 2007 est
984 1981 1175 2020 usquam,
1212 1980 1288 2007 nec
1320 1966 1415 2006 finis
1448 1965 1490 2006 in
1523 1966 1628 2020 ipsa,

332 2041 405 2081 sed
438 2039 585 2081 similis
618 2042 704 2079 toto
738 2053 809 2079 ore
842 2042 985 2078 manet
1016 2052 1176 2092 perque
1209 2037 1351 2078 omnia
1383 2051 1460 2092 par
1491 2040 1565 2078 est.

331 2109 392 2151 sic
424 2108 560 2150 stellis
592 2108 830 2162 qlomeratu
860 2109 1008 2148 manet
1040 2106 1284 2158 mundoque
1317 2106 1474 2159 fiyura.

261 2200 312 2226 215
332 2183 487 2224 idcirco
521 2182 642 2223 terris
677 2195 759 2222 non
792 2180 986 2222 omnibus
1019 2180 1161 2220 onmia
1194 2180 1315 2233 signa

332 2254 626 2309 conspicimus.
693 2266 901 2307 nusquam
933 2251 1126 2292 inuenies
1159 2251 1323 2305 fulgere
1357 2264 1566 2304 canopum

331 2326 465 2367 donee
496 2324 722 2379 †Niliacas
755 2338 829 2377 per
861 2328 1038 2378 pontum
1072 2323 1239 2363 ueneris
1274 2336 1388 2372 oras3

333 2397 406 2438 sed
440 2400 647 2451 quaerent
678 2394 873 2448 Helicen,
906 2395 1059 2449 quibus
1091 2394 1161 2434 ille
1194 2393 1442 2448 superuenit
1472 2393 1596 2447 ignis,

333 2468 445 2523 quod
475 2468 658 2509 laterum
691 2470 850 2507 tractus
881 2466 1087 2517 habitant,
1121 2464 1345 2519 medioque
1378 2468 1543 2505 tumore

268 2653 332 2687 190
369 2652 680 2696 quod-monstrant
702 2659 723 2685 0
760 2669 802 2673 -
838 2651 902 2684 192
929 2650 977 2684 ad
1001 2652 1101 2685 ortus
1127 2658 1148 2684 0
1191 2668 1226 2672 -
1266 2649 1330 2683 193
1357 2650 1388 2682 et
1415 2656 1486 2682 om.
1511 2645 1524 2679 l
1550 2647 1721 2690 perennet
1745 2654 1766 2679 o
1804 2666 1848 2671 -—

123 2719 210 2753 ante
242 2720 305 2753 194
340 2729 411 2761 qua
445 2728 484 2751 re
518 2719 617 2751 terra
650 2717 697 2751 sit
735 2716 892 2750 rotunda
917 2724 985 2758 gin
1021 2733 1062 2737 —
1103 2715 1165 2748 194
1198 2714 1262 2749 tibi
1297 2715 1434 2748 natura
1461 2711 1597 2748 ffldeffi'-
1629 2710 1850 2745 admiranda

124 2784 243 2818 ¹uideri
262 2793 299 2817 m
331 2783 394 2817 tibi
417 2784 554 2816 natura
578 2781 799 2816 admiranda
823 2781 945 2814 uideri
964 2789 990 2812 ω
1019 2798 1059 2802 -—
1086 2780 1149 2814 198
1177 2789 1390 2822 cursumque
1410 2787 1430 2812 o
1462 2797 1504 2801 —
1540 2777 1602 2811 199
1628 2776 1738 2820 ayiles
1758 2784 1779 2810 0
1811 2794 1847 2798 -

124 2850 189 2883 207
217 2851 332 2883 terens
352 2857 386 2881 m
415 2850 537 2881 teretes
555 2857 581 2878 ω
602 2865 642 2869 ——
662 2847 731 2880 210
757 2846 850 2889 iynis
869 2855 905 2879 m
927 2863 966 2868 -
987 2845 1053 2878 212
1079 2856 1141 2879 nec
1159 2853 1180 2878 o
1206 2843 1289 2888 ipso
1309 2852 1329 2877 0
1351 2861 1393 2865 -
1415 2843 1481 2876 213
1502 2844 1570 2877 toto
1587 2843 1747 2876 remanet
1765 2849 1786 2874 o
1805 2858 1846 2863 -—

125 2914 191 2947 214
217 2913 339 2948 stellas
358 2922 395 2946 m
419 2912 533 2946 stellis
551 2921 577 2943 ω
597 2911 798 2956 glomerata
814 2912 960 2944 manent
979 2919 999 2943 0
1025 2910 1187 2954 fiyurant
1206 2918 1226 2942 o
1243 2928 1289 2931 ——
1308 2908 1374 2942 216
1399 2906 1527 2951 canopo
1548 2916 1584 2940 m
1601 2925 1642 2928 —
1658 2907 1724 2940 217
1745 2906 1850 2940 donec

124 2978 171 3012 ad
189 2977 247 3012 lm
272 2978 319 3012 ad
345 2986 417 3011 0111.
437 2986 489 3021 gc
514 2977 668 3012 niliacas
687 2974 761 3019 lgc
789 2976 903 3010 eiacas
921 2984 959 3009 m
978 2973 1035 3017 (E)
1063 2974 1228 3010 Niliacas
1254 2982 1348 3008 corr.
1376 2982 1421 3007 ex
1448 2972 1589 3007 adeicas
1609 2980 1646 3005 m
1672 2969 1741 3013 (L).
