2106 3334
761 619 945 667 LIBER
983 616 1300 678 QUARTUS.

380 787 503 866 Quid
536 812 620 848 tam
654 807 844 848 sollicitis
877 807 1008 847 uitam
1041 805 1330 847 consumimus
1361 805 1483 846 annis

382 884 711 932 torquemurque
742 883 856 918 metu
889 891 1099 931 caecaque
1132 876 1329 931 cupidine
1361 890 1503 916 rerum

380 949 647 1003 aeternisque
680 962 802 989 senes
835 948 959 1000 curis,
993 948 1094 989 dum
1127 947 1370 1002 quaerimus
1403 961 1571 999 aeuum,

381 1020 595 1075 perdimus
628 1023 669 1060 et
699 1019 814 1060 nullo
848 1023 1043 1060 uotorum
1075 1019 1159 1060 fine
1191 1019 1305 1059 beati

345 1107 362 1133 5
381 1091 566 1132 uicturos
600 1091 764 1145 agimus
797 1104 964 1145 semper
994 1104 1073 1131 nec
1105 1090 1290 1130 uiuimus
1322 1089 1552 1143 umquam?

381 1162 691 1218 pauperiorque
722 1162 845 1203 bonis
878 1162 1057 1216 quisque
1090 1166 1166 1214 est,
1199 1175 1282 1215 quo
1315 1161 1438 1215 plura
1469 1160 1658 1214 requirit,

382 1248 459 1274 nec
492 1233 605 1287 quod
636 1233 766 1275 habet
796 1238 1005 1285 numerat,
1038 1237 1203 1274 tantum
1237 1232 1350 1286 quod
1382 1246 1466 1273 nou
1498 1231 1627 1272 habet
1658 1236 1785 1285 optat.

381 1319 562 1359 cumque
595 1304 659 1346 sui
690 1319 846 1360 paruos
879 1319 980 1346 usus
1014 1308 1166 1346 natura
1196 1307 1404 1358 reposcat,

382 1376 605 1417 materiam
637 1377 838 1418 struimus
870 1390 1053 1430 maguae
1085 1390 1161 1431 per
1192 1379 1293 1416 uota
1325 1375 1473 1415 ruinae

335 1462 363 1489 ιο
382 1447 677 1501 luxuriamque
709 1447 837 1488 lucris
870 1447 1049 1488 emimus
1080 1447 1268 1500 luxuque
1301 1446 1486 1500 rapinas,

383 1521 425 1558 et
456 1532 668 1559 summum
701 1532 851 1559 census
884 1518 1066 1573 pretium
1100 1522 1162 1559 est
1193 1517 1411 1558 effundere
1443 1530 1630 1557 censum.

382 1589 545 1641 soluite,
579 1589 793 1641 mortales,
826 1589 989 1630 animos
1022 1602 1230 1642 curasque
1263 1588 1401 1628 leuato

384 1664 528 1714 totque
560 1660 837 1716 superuacuis
869 1660 1002 1701 uitam
1035 1660 1202 1714 deplete
1235 1659 1447 1713 querellis.

384 1731 471 1772 fata
502 1735 656 1786 regunt
687 1731 847 1782 orbem,
879 1735 995 1772 certa
1027 1734 1139 1772 stant
1171 1730 1313 1771 omnia
1345 1730 1451 1784 lege,

333 1818 366 1845 15
385 1803 597 1856 longaque
629 1816 705 1857 per
736 1806 872 1843 certos
906 1802 1127 1856 signantur
1159 1805 1352 1856 tempora
1385 1815 1520 1841 casus.

384 1877 606 1914 nascentes
638 1872 856 1925 morimur,
889 1873 1070 1927 finisque
1102 1873 1155 1913 ab
1189 1873 1352 1925 origine
1384 1872 1552 1926 pendet.

385 1944 481 1985 hinc
514 1948 555 1985 et
587 1958 687 1999 opes
720 1949 761 1985 et
791 1958 925 2000 regna
956 1945 1105 1997 fluunt,
1139 1948 1180 1985 et
1211 1943 1380 1998 saepius
1413 1947 1505 1984 orta

319 2112 334 2144 1
361 2109 401 2145 in
416 2119 536 2154 marg.
557 2110 693 2154 Incipit
714 2109 780 2145 lib.
793 2109 864 2145 IlII
884 2110 896 2145 l
916 2113 968 2154 (m
983 2110 1072 2153 rec)
1097 2129 1135 2133 -
1157 2111 1176 2144 2
1199 2110 1490 2153 Torqucmurque
1507 2117 1601 2143 corr.
1621 2116 1666 2142 ex
1691 2099 1869 2150 Torquent
1883 2117 1907 2151 g

176 2174 322 2213 (littera
348 2184 425 2210 una
450 2177 538 2220 post
564 2178 577 2210 t
603 2175 726 2218 erasa)
760 2193 802 2198 —
833 2177 853 2211 5
879 2182 1014 2220 uquam
1032 2185 1057 2220 g
1086 2194 1133 2198 ——
1165 2176 1184 2209 6
1211 2175 1274 2219 qui
1297 2183 1318 2208 o
1351 2193 1394 2197 —
1424 2173 1464 2208 in
1491 2172 1566 2217 glc
1598 2173 1686 2217 post
1719 2181 1772 2206 vs.
1799 2172 1818 2205 9
1852 2181 1908 2206 se-

176 2242 347 2286 quuntur
366 2250 440 2275 vss.
458 2241 509 2275 sic
532 2241 626 2275 inter
645 2241 772 2276 donsas
789 2239 854 2284 (IV
873 2241 956 2284 314)
984 2259 1026 2264 —
1052 2249 1187 2275 versus
1208 2239 1368 2274 10—313
1394 2238 1647 2273 inueniuntur
1672 2237 1711 2271 in
1737 2236 1836 2272 libro
1855 2236 1907 2271 III

176 2306 264 2350 post
281 2306 348 2340 399
373 2306 518 2340 unicino
536 2306 667 2341 tribuet
692 2306 764 2341 etc.
798 2305 837 2341 in
857 2315 976 2350 marg.
996 2304 1114 2341 adIH
1133 2305 1200 2340 313
1224 2304 1254 2339 1:
1280 2305 1354 2340 Hic
1378 2304 1472 2338 male
1497 2306 1546 2338 est
1571 2303 1739 2337 ordinata
1766 2303 1910 2337 locutio:

175 2372 236 2406 sed
259 2372 292 2406 si
314 2371 371 2405 uis
395 2371 556 2405 ordinem
580 2371 655 2405 eius
680 2373 815 2405 rectum
839 2372 995 2416 reperire
1017 2373 1189 2406 memento
1213 2382 1293 2405 curn
1310 2380 1378 2414 per
1394 2369 1556 2404 ordinem
1574 2368 1726 2412 alfabeti
1742 2379 1910 2411 quaerere

176 2448 243 2480 quo
275 2447 354 2471 curn
387 2436 644 2471 (Ienotanirnus.
708 2436 792 2471 Post
822 2436 915 2471 hunc
946 2437 1041 2471 enirn
1069 2446 1216 2470 uersum
1247 2435 1367 2469 uicino
1398 2434 1530 2468 tribuet
1563 2433 1658 2467 debet
1690 2443 1817 2467 uersus
1847 2432 1911 2467 ille

176 2502 277 2545 sequi
307 2512 409 2545 quem
441 2501 626 2536 inueneris
650 2503 733 2545 post
767 2512 830 2536 θεοῦ
860 2501 953 2545 folia
983 2502 1018 2536 B
1047 2501 1168 2535 littera
1201 2500 1406 2534 denotatum
1436 2497 1602 2534 uidelicet
1632 2498 1743 2532 istum
1777 2499 1815 2531 at
1848 2498 1911 2541 qui

176 2566 371 2601 nocturnis.
403 2564 507 2601 idem
524 2565 642 2601 habet
661 2575 680 2601 c
705 2565 859 2600 omissis
884 2564 1013 2601 verbis
1037 2576 1159 2600 versus
1182 2565 1245 2599 ille
1265 2565 1375 2608 sequi,
1402 2562 1577 2598 seruauit
1590 2565 1668 2608 post
1685 2573 1747 2597 sex
1763 2562 1856 2606 folia
1875 2563 1910 2596 B

180 2631 318 2666 littera:
343 2629 412 2665 sed
438 2630 465 2665 B
492 2630 620 2666 littera
648 2639 838 2675 nusquam
870 2630 909 2665 in
942 2640 972 2665 c.
999 2628 1209 2673 inuenitur,
1243 2638 1378 2664 uersus
1404 2629 1533 2663 autem
1564 2631 1602 2662 at
1633 2628 1696 2671 qui
1726 2627 1911 2661 nocturnis

178 2695 255 2730 iam
278 2696 366 2740 post
390 2696 570 2740 quattuor
598 2695 796 2731 columnas
817 2694 948 2737 (binae
965 2695 1069 2729 euim
1086 2695 1412 2739 septuagenorum
1431 2702 1509 2728 una
1530 2701 1706 2737 quaeque
1727 2701 1909 2726 uersuum

180 2759 217 2795 in
247 2760 384 2805 quavis
410 2760 553 2805 pagina
585 2760 821 2805 perscriptae
848 2759 954 2801 sunt)
987 2759 1172 2804 sequitur.
1223 2760 1382 2803 apparet
1413 2757 1615 2793 librarium
1649 2766 1694 2791 ea
1719 2755 1837 2790 uerba
1865 2766 1910 2791 ex

180 2825 354 2869 margine
372 2824 583 2870 Lipsiensis
602 2824 864 2869 descripsisse.
884 2824 984 2859 —in
1010 2834 1045 2859 m
1073 2823 1113 2865 (u
1133 2823 1199 2868 v2)
1227 2822 1358 2859 omnia
1384 2825 1486 2858 recte
1514 2841 1556 2845 —
1586 2823 1626 2856 12
1655 2813 1775 2856 limate
1800 2831 1836 2855 m
1868 2842 1908 2846 —

183 2890 224 2924 13
255 2890 382 2934 deflere
413 2899 434 2925 0
472 2902 538 2934 que
562 2884 660 2939 {eltis
690 2900 725 2925 m
762 2909 802 2912 —
836 2891 873 2924 15
911 2901 1013 2925 casu-5¹
1039 2888 1129 2933 lgm
1168 2888 1230 2930 (ad
1267 2900 1392 2923 cursus
1423 2898 1461 2922 m
1499 2887 1609 2929 corr.)
1648 2898 1774 2922 cursus
1805 2895 1823 2921 c
1868 2905 1909 2908 —

185 2956 224 2989 17
256 2956 354 2990 Tunc
372 2964 393 2990 0
418 2958 500 2990 ortu
518 2964 551 2990 o.
