2106 3334
209 117 289 157 118
852 110 964 146 Liber
990 109 1050 145 IV.
1102 110 1299 145 815—845.

342 271 393 298 815
414 256 473 296 sic
505 255 586 296 erit
616 258 658 295 et
689 253 812 295 sedes
845 252 1050 307 fugienda
1080 252 1348 307 petendaque
1381 252 1553 307 cuique3

414 327 473 367 sic
506 325 719 381 speranda
748 324 868 375 fides,
902 324 962 365 sic
995 327 1036 364 et
1066 323 1297 364 metuenda
1327 323 1499 378 pericla,

414 401 460 438 ut
491 410 625 452 genus
657 396 700 437 in
733 399 892 436 terram
925 395 1041 435 caelo
1074 393 1294 435 descendit
1325 394 1377 435 ab
1411 395 1509 435 alto.

486 467 657 522 percipe
690 479 803 507 nunc
835 465 976 517 etiam,
1011 479 1119 520 quae
1153 465 1236 506 sint
1267 465 1462 520 ecliptica
1494 463 1625 505 Graio

416 538 599 590 nomine,
634 538 746 593 quod
780 540 915 578 certos
949 537 1070 591 quasi
1102 536 1315 578 delassata
1346 550 1422 591 per
1454 550 1587 577 annos

345 624 397 651 820
419 623 740 664 nonnumquam
774 611 940 650 cessant
971 607 1103 649 sterili
1135 608 1346 663 torpentia
1377 612 1507 648 motu.

418 681 577 722 scilicet
608 681 802 722 inmenso
834 679 941 721 nihil
973 683 1037 721 est
1069 680 1246 734 aequale
1280 679 1357 721 sub
1391 694 1497 720 aeuo

418 756 731 807 perpetuosque
763 755 879 792 tenet
909 751 1035 792 flores
1068 765 1285 806 unumque
1316 754 1527 801 tenorem3

419 827 637 865 mutantur
669 823 743 864 sed
775 826 926 864 cuncta
958 823 1026 864 die
1058 823 1311 877 uariantque
1344 836 1418 877 per
1451 836 1596 863 annos.

420 898 461 935 et
492 894 677 936 fecunda
709 894 796 935 suis
828 894 1061 935 subsistunt
1093 893 1286 948 frugibus
1318 908 1422 934 arua

350 980 402 1008 825
422 966 730 1021 continuosque
763 970 922 1020 negant
952 969 1099 1020 partus
1132 965 1258 1006 effeta
1291 965 1487 1006 creando.

420 1051 567 1078 rursus
600 1052 709 1092 quae
741 1037 912 1078 fuerant
943 1037 1106 1078 steriles
1139 1037 1191 1077 ad
1226 1037 1388 1077 semina
1421 1040 1571 1087 terrae,

422 1112 517 1162 post
550 1123 663 1150 noua
695 1109 913 1150 sufficiunt
943 1109 1058 1149 nullo
1091 1108 1322 1150 mandante
1356 1108 1524 1148 tributa.

425 1180 662 1221 concutitur
695 1180 820 1221 tellus
852 1180 1004 1221 ualidis
1037 1179 1315 1235 compagibus
1346 1179 1528 1220 haerens

425 1250 706 1306 subducitque
740 1251 876 1292 solum
908 1251 1101 1306 pedibus,
1135 1254 1253 1292 natat
1285 1251 1397 1291 orbis
1430 1250 1471 1291 in
1504 1249 1595 1304 ipso

353 1336 406 1363 830
427 1325 468 1362 et
498 1322 617 1362 uenit
649 1336 832 1363 oceanus
865 1326 1041 1376 pontum
1076 1322 1306 1377 sitiensque
1338 1321 1513 1362 resoluit

426 1406 504 1432 nec
537 1406 628 1434 sese
660 1393 749 1447 ipse
782 1393 907 1447 capit.
971 1393 1029 1433 sio
1063 1393 1277 1447 quondam
1309 1395 1516 1433 merserat
1546 1392 1686 1444 urbes,

426 1463 599 1503 humani
632 1463 802 1518 generis
833 1477 930 1504 cum
962 1464 1077 1505 solus
1110 1463 1296 1504 constitit
1325 1463 1448 1504 heres

430 1533 667 1575 Deucalion
701 1535 960 1589 scopuloque
993 1535 1139 1576 orbem
1172 1534 1359 1590 possedit
1390 1535 1430 1575 in
1464 1548 1563 1575 uno.

428 1619 506 1646 nec
540 1620 637 1658 non,
672 1620 765 1647 cum
800 1606 960 1661 patrias
992 1606 1214 1648 Phaethon
1247 1606 1473 1661 temptauit
1504 1605 1708 1657 habenas,

359 1691 411 1718 835
432 1681 626 1718 arserunt
658 1681 820 1732 gentes,
853 1678 1077 1733 timuitque
1109 1678 1307 1719 incendia
1339 1678 1518 1731 caelum,

430 1747 718 1803 fugeruntque
750 1763 884 1790 nouas
917 1749 1110 1790 ardentia
1142 1749 1281 1790 sidera
1312 1749 1521 1800 flammas,

430 1822 556 1874 atque
589 1834 672 1861 uno
706 1820 846 1861 timuit
877 1820 1002 1862 condi
1034 1824 1186 1862 natura
1217 1821 1424 1876 sepulcro.

432 1890 474 1930 in
507 1893 672 1932 tantum
704 1891 831 1946 longo
863 1896 1082 1933 mutantur
1113 1896 1304 1947 tempore
1337 1896 1490 1933 cuncta

432 1965 558 2015 atque
590 1963 743 2003 iterum
776 1964 819 2004 in
851 1967 985 2004 semet
1016 1964 1207 2004 redeunt.
1272 1964 1330 2005 sic
1362 1967 1552 2018 tempore
1585 1968 1699 2005 certo

361 2046 414 2073 840
434 2032 555 2086 signa
588 2048 755 2089 quoque
789 2035 988 2076 amittunt
1019 2035 1131 2076 uires
1165 2039 1421 2090 sumuntque
1453 2039 1658 2090 receptas.

435 2117 563 2146 causa
596 2109 725 2160 patet,
758 2107 870 2161 quod
903 2106 1004 2148 luna
1036 2107 1190 2162 quibus
1223 2107 1379 2147 defecit
1409 2107 1452 2148 in
1485 2107 1621 2159 astris,

435 2176 539 2216 orba
571 2177 635 2217 sui
668 2176 809 2219 fratris
841 2179 1063 2233 noctisque
1095 2179 1281 2220 inmersa
1313 2179 1514 2231 tenebris,

435 2260 531 2287 cum
564 2248 726 2290 medios
758 2249 920 2291 Phoebi
954 2250 1096 2292 radios
1128 2251 1342 2305 intercipit
1373 2251 1498 2301 orbis,

436 2332 514 2359 nec
546 2320 675 2361 trahit
706 2321 759 2362 ad
792 2336 836 2362 se
868 2325 971 2371 tum,
1006 2337 1088 2377 quo
1121 2323 1268 2378 fulget,
1304 2322 1431 2363 Delia
1461 2323 1619 2375 lumen,

365 2403 417 2431 845
436 2389 541 2431 haec
574 2406 742 2447 quoque
775 2393 897 2448 signa
929 2408 1004 2435 suo
1037 2394 1195 2449 pariter
1227 2408 1322 2435 cum
1355 2394 1491 2435 sidere
1523 2394 1730 2449 languent

367 2519 436 2554 816
461 2519 510 2554 sic
526 2522 559 2555 et
576 2530 596 2555 o
617 2540 657 2544 ——
678 2522 766 2556 ante
785 2523 854 2557 818
873 2522 931 2557 De
948 2522 1113 2567 eclipticis
1128 2522 1236 2567 siquis
1253 2532 1305 2567 gc
1331 2522 1371 2557 de
1388 2522 1554 2566 eclipticas
1571 2522 1585 2557 l
1609 2522 1663 2564 (in
1683 2522 1818 2566 marg.)
1847 2521 1964 2557 DEF

223 2582 374 2626 yliptv‘aeis
408 2584 517 2629 signis
541 2595 577 2620 m
617 2586 669 2629 (in
698 2587 834 2631 marg.)
871 2607 917 2610 ——
954 2589 1023 2623 820
1062 2599 1133 2623 non
1165 2598 1334 2632 umquam
1361 2597 1396 2622 m
1437 2607 1479 2611 —
1519 2588 1585 2622 821
1625 2587 1784 2622 inmenso
1808 2597 1877 2632 gm
1917 2608 1958 2611 —

227 2648 295 2682 822
316 2650 468 2684 tenorem
484 2659 505 2684 o
525 2669 566 2673 —
586 2652 655 2686 823
673 2653 864 2686 mutantur
882 2662 976 2687 corr.
995 2662 1039 2687 ex
1059 2652 1248 2688 mittantur
1261 2662 1296 2687 m
1317 2652 1379 2687 diu
1393 2662 1413 2686 o
1432 2670 1477 2675 -
1501 2653 1569 2687 825
1587 2652 1677 2695 efez‘a
1692 2663 1727 2687 m
1752 2651 1897 2697 effoeta]
1918 2672 1959 2675 ——

228 2714 296 2748 828
321 2714 437 2749 uariis
455 2725 474 2750 c
499 2711 629 2752 herbkl
655 2717 754 2751 heres
772 2727 806 2751 m
837 2736 877 2740 —
906 2719 975 2752 830
1001 2718 1103 2752 uenit
1120 2728 1140 2753 o
1167 2717 1309 2753 resoluit
1327 2727 1348 2753 o
1382 2737 1423 2740 -
1456 2719 1522 2752 831
1550 2713 1616 2752 33⁵⁰
1650 2717 1751 2762 ipse]
1777 2728 1810 2752 se
1835 2717 1905 2761 ipse
1924 2726 1958 2751 m

227 2774 355 2813 urbes]
380 2779 465 2814 urbe
483 2792 520 2817 m
554 2782 671 2817 orbem
689 2792 713 2826 g
744 2782 845 2817 urbes
862 2792 882 2817 c
910 2802 951 2806 —
978 2784 1048 2818 834
1070 2778 1234 2827 patritsl
1263 2806 1305 2808 —
1337 2783 1405 2818 835
1430 2778 1598 2818 aggerunt
1614 2794 1649 2818 m
1679 2802 1720 2806 ——
1748 2783 1815 2818 837
1844 2782 1963 2817 timuit

231 2853 323 2879 corr.
344 2855 389 2880 ex
410 2846 535 2893 timent
546 2857 582 2882 m
600 2847 777 2891 sepulchro
790 2847 847 2882 lm
866 2867 906 2871 ——
922 2849 991 2883 838
1008 2843 1196 2883 mutatum
1217 2851 1374 2893 tempora
1388 2857 1408 2882 o
1426 2867 1466 2871 —
1483 2849 1549 2883 841
1569 2860 1634 2892 quo
1648 2857 1669 2882 o
1687 2846 1901 2891 defeceritm
1918 2866 1959 2870 —

230 2909 298 2943 842
324 2911 479 2946 inmersa
496 2912 555 2947 lm
585 2932 624 2935 —
653 2914 722 2947 844
750 2902 865 2947 trdztl
898 2913 1025 2947 tramit
1042 2923 1079 2948 m
1112 2913 1158 2947 ad
1176 2924 1196 2948 o
1226 2903 1372 2949 ceduml
1402 2924 1517 2948 cecum
1537 2923 1561 2957 g
1592 2914 1702 2947 cetum
1723 2922 1742 2947 c
1774 2916 1906 2948 coetum
1924 2921 1962 2949 m

231 2975 347 3009 lumen
366 2986 402 3010 ln
428 2977 512 3012 luna
532 2989 558 3010 ω
588 2998 625 3000 -
656 2978 724 3013 845
750 2974 923 3021 lanqu3tl
948 2979 1090 3022 languet
1106 2988 1154 3015 m.
