2106 3334
775 108 885 143 Liber
914 107 972 142 1V.
1023 108 1219 143 846-873.
1770 108 1849 147 119

338 254 559 294 incuruata
591 252 715 293 simul
747 251 954 305 solitoque
986 254 1182 304 exempta
1213 249 1358 304 uigore

340 327 381 364 et
413 324 529 364 uelut
560 323 714 364 elatam
745 322 948 363 Phoeben
978 321 1020 362 in
1053 321 1202 361 funere
1233 321 1391 374 lugent.

340 395 431 448 ipsa
462 394 584 435 docet
614 393 775 444 titulos3
809 403 964 432 causae
997 403 1105 442 quae
1139 388 1338 442 ecliptica
1367 389 1494 443 siqua

343 462 492 503 dixere
525 461 698 515 antiqui
729 463 886 518 pariter
918 462 992 503 sed
1023 462 1124 503 bina
1154 461 1362 513 laborant,

270 549 322 576 850
342 549 419 575 neo
452 534 593 575 uicina
624 535 729 581 loco,
764 533 837 574 sed
870 547 978 587 quae
1010 532 1222 573 contraria
1253 532 1431 586 fulgent,

341 605 449 646 sicut
479 605 581 646 luna
614 619 688 646 suo
722 608 811 645 tum
843 608 1005 645 tantum
1040 603 1181 644 deficit
1212 603 1327 654 orbe,

343 690 438 717 eum
469 676 689 717 Phoebum
721 674 911 716 aduersis
945 678 1183 715 currentem
1214 688 1298 714 non
1332 674 1447 714 uidet
1478 673 1614 714 astris.

342 761 419 788 nec
451 751 592 787 tamen
626 746 793 801 aequali
824 746 1105 800 languescunt
1134 748 1324 799 tempore
1358 748 1521 794 cuncta,

341 818 414 858 sed
447 818 571 859 modo
602 818 644 858 in
678 817 854 858 affectus
885 820 997 857 totus
1028 815 1274 870 producitur
1305 829 1468 866 annus,-

271 904 323 931 855
343 903 454 929 nune
486 888 656 929 breuius
688 888 845 929 lassata
875 890 1061 938 manent,
1095 900 1207 927 nuno
1239 886 1406 940 longius
1438 890 1565 937 astra,

342 959 634 1013 exceduntque
667 973 741 1000 suo
774 958 991 999 Phoebeia
1022 961 1214 1012 tempora
1245 971 1357 998 casu.

343 1033 469 1084 atque
502 1030 575 1070 ubi
606 1030 843 1085 perfeetum
877 1033 939 1070 est
970 1029 1166 1083 spatium,
1200 1028 1313 1083 quod
1345 1028 1496 1082 cuique
1528 1028 1706 1078 dicatur,

342 1101 658 1156 impleruntque
691 1114 788 1142 suos
820 1104 935 1142 certa
967 1100 1147 1141 statione
1178 1099 1345 1140 labores

343 1171 442 1213 bina
474 1186 548 1227 per
579 1172 806 1213 aduersum
839 1171 1004 1212 caelum
1038 1170 1246 1225 fulgentia
1278 1170 1413 1224 signa,

272 1258 324 1285 860
343 1247 432 1283 tum
465 1243 605 1284 uicina
635 1244 780 1284 labant
812 1243 912 1298 ipsis
944 1242 1163 1283 haerentia
1195 1241 1339 1296 signis,

345 1328 453 1368 quae
486 1315 602 1369 prius
633 1315 676 1355 in
708 1319 842 1356 terras
874 1315 1051 1355 ueniunt
1081 1318 1300 1367 terrasque
1333 1313 1596 1367 relinquunt3

344 1386 507 1427 sidereo
539 1401 622 1427 non
655 1390 701 1428 ut
731 1390 893 1441 pugnet
925 1386 1159 1427 contrarius
1192 1385 1324 1435 orbis;

344 1457 415 1497 sed
452 1472 535 1512 qua
566 1458 750 1499 mundus
782 1458 869 1512 agit
902 1471 1063 1509 cursus,
1095 1456 1271 1497 inclinat
1302 1459 1344 1497 et
1373 1456 1463 1510 ipse

345 1528 606 1583 amissasque
637 1533 765 1584 negat
794 1529 908 1570 uires
940 1542 1017 1569 neo
1049 1541 1227 1569 munera
1257 1531 1376 1568 tanta

274 1614 326 1640 865
345 1614 424 1640 nec
456 1600 603 1641 similis
635 1600 774 1641 reddit
804 1615 950 1641 noxas.
1012 1600 1129 1640 locus
1162 1599 1304 1640 omnia
1337 1598 1473 1639 uertit.

416 1671 490 1712 sed
522 1672 623 1726 quid
654 1671 739 1713 iam
772 1672 887 1713 tenui
920 1671 1091 1726 prodest
1122 1671 1285 1711 ratione
1318 1670 1522 1710 nitentem

346 1742 525 1783 scrutari
556 1743 775 1795 mundum,
810 1743 845 1783 si
876 1757 995 1783 mens
1027 1756 1104 1783 sua
1136 1742 1287 1796 cuique
1319 1744 1543 1795 repugnat,

347 1827 548 1868 spemque
581 1814 707 1855 timor
739 1813 845 1855 tollit
876 1813 1157 1869 prohibetque
1190 1827 1214 1854 a
1244 1812 1390 1853 limine
1424 1810 1555 1852 caeli?

347 1884 489 1925 condit
520 1885 633 1926 enim
666 1885 866 1940 quioquid
901 1887 1023 1926 uasto
1055 1888 1210 1925 natura
1240 1897 1410 1924 recessu

274 1970 326 1998 870
345 1955 619 2011 mortalisque
651 1957 761 2012 fugit
791 1957 908 1998 uisus
941 1961 982 1998 et
1012 1960 1184 2012 pectora
1214 1959 1377 2004 nostra3

347 2040 424 2067 nee
456 2028 656 2082 prodesse
687 2032 837 2083 potest,
872 2028 984 2083 quod
1016 2027 1113 2068 fatis
1145 2030 1297 2068 cuneta
1328 2029 1548 2080 reguntur,

348 2111 443 2138 cum
475 2098 610 2140 fatum
641 2100 757 2140 nulla
788 2100 919 2154 possit
948 2099 1112 2141 ratione
1143 2098 1292 2139 uideri.

349 2169 449 2224 quid
480 2170 600 2211 iuuat
630 2171 673 2212 in
706 2175 840 2212 semet
871 2185 948 2212 sua
979 2185 1055 2226 per
1086 2170 1280 2212 conuicia
1312 2169 1412 2210 ferri

279 2293 347 2328 846
364 2281 551 2329 incurbata
569 2294 582 2328 l
606 2294 712 2329 incur
707 2293 806 2337 bata
822 2304 859 2328 n]
884 2293 998 2338 uiyorz'
1016 2303 1052 2328 m
1076 2293 1192 2337 uiyore
1210 2303 1236 2325 ω
1255 2314 1298 2318 -
1318 2293 1384 2327 847
1403 2292 1520 2326 lucent
1536 2290 1580 2334 lg
1589 2300 1608 2325 e
1631 2278 1750 2324 lu'cent
1769 2299 1801 2323 ln
1822 2307 1864 2311 -—

139 2359 208 2393 848
225 2357 302 2402 ipsa
320 2356 393 2401 lgc
418 2358 489 2403 ipse
507 2369 544 2394 m
571 2359 689 2394 titulos
706 2371 727 2394 o
752 2353 909 2393 οιιῑιειε(Πρι
924 2359 1082 2429 eylliptica
1100 2358 1113 2392 l
1138 2368 1263 2392 causae
1285 2367 1350 2407 que
1369 2366 1419 2400 ge
1445 2367 1566 2391 causae
1591 2355 1748 2399 eyliptica
1766 2364 1802 2388 m
1824 2372 1864 2376 —-

883 2413 933 2429 SOU

140 2441 209 2475 849
240 2440 298 2474 sed
328 2439 409 2475 bina
435 2450 456 2476 o
487 2464 530 2467 —
561 2443 627 2478 851
660 2444 783 2476 uotum
810 2443 946 2476 tantum
955 2413 994 2475 11ι
1024 2441 1125 2475 luuas
1150 2442 1271 2476 uotum
1296 2450 1331 2474 m
1364 2458 1403 2462 —
1437 2440 1506 2474 853
1537 2440 1685 2482 tempore
1710 2447 1747 2471 m
1785 2438 1867 2470 tem-

135 2516 228 2550 pora
251 2515 278 2538 ω
304 2526 345 2531 -
377 2507 445 2542 855
470 2507 579 2542 lassat
600 2509 749 2542 manent
764 2516 801 2541 m
833 2525 874 2529 -—
906 2507 974 2542 856
998 2506 1225 2549 seceduntque
1244 2515 1277 2539 m
1312 2504 1544 2548 exceduntque
1561 2513 1588 2536 ω
1621 2501 1753 2537 Phebea
1771 2510 1791 2536 0
1824 2520 1864 2523 —

141 2571 210 2606 858
234 2570 451 2617 impleruque
468 2582 504 2607 m
537 2583 615 2607 suos
634 2582 658 2616 g
688 2583 750 2607 suo
769 2582 795 2604 ω
830 2590 871 2594 -
906 2572 973 2607 862
1004 2571 1080 2606 orbi
1098 2581 1119 2607 o
1153 2591 1194 2595 -
1228 2571 1296 2605 863
1327 2559 1370 2613 ἆα
1388 2579 1412 2613 3
1443 2568 1555 2613 quial
1587 2578 1674 2611 quae
1692 2578 1711 2601 c
1742 2577 1811 2610 qua
1830 2575 1865 2600 m

140 2631 316 2681 inclin'btl
347 2637 496 2672 inclinet
511 2647 547 2672 m
578 2637 651 2682 ipse
670 2647 706 2672 m
738 2637 812 2681 ipso
832 2647 859 2669 ω
887 2655 927 2659 -
955 2638 1024 2672 864
1051 2636 1265 2680 Animasque
1284 2645 1320 2669 m
1351 2654 1392 2658 —
1421 2636 1488 2670 865
1513 2629 1670 2679 sirrzilt'sl
1701 2631 1830 2666 similes
1847 2640 1867 2665 o

142 2701 242 2737 uooeis
258 2711 297 2737 m
330 2725 373 2728 ——
406 2703 494 2738 ante
519 2704 587 2738 866
622 2704 779 2748 fatorum
815 2701 993 2737 rationem
1024 2700 1174 2745 perspici
1202 2711 1301 2744 posse
1325 2710 1393 2745 gm
1422 2698 1491 2744 (u1)
1530 2697 1696 2743 quomodo
1727 2693 1866 2740 possim'

140 2767 300 2810 fatorum
329 2767 501 2802 rationem
530 2768 722 2812 perspicere
752 2767 763 2802 l
797 2767 851 2807 (in
879 2766 1012 2810 marg.)
1053 2784 1094 2788 —
1133 2767 1202 2801 868
1240 2765 1393 2810 Phibetq.
1413 2762 1426 2778 ²¹
1447 2763 1578 2799 lurni‘ne
1600 2762 1613 2797 l
1645 2761 1868 2805 prohibetque

145 2830 274 2866 lumine
293 2841 329 2866 m
349 2831 575 2876 prohibetque
599 2844 615 2867 e
641 2832 761 2868 limine
779 2841 830 2875 gc
858 2851 897 2855 —
927 2832 996 2866 869
1021 2830 1183 2866 conditur
1199 2830 1256 2865 lm
1284 2829 1404 2865 condit
1419 2839 1470 2873 gc
1503 2827 1597 2862 enim
1623 2825 1742 2871 quedl
1772 2825 1868 2860 euim

144 2895 227 2939 quid
245 2906 281 2931 m
307 2897 403 2932 euim
432 2896 471 2941 ΙΙΗ
499 2898 588 2943 quod
606 2908 658 2942 go
686 2917 727 2921 *
754 2899 822 2933 870
850 2897 1074 2940 mortalisque
1092 2905 1113 2930 o
1142 2915 1182 2919 —
1214 2897 1280 2931 871
1305 2896 1397 2939 facis
1414 2905 1451 2929 m
1484 2912 1525 2917 κ-
1560 2893 1628 2927 872
1657 2891 1746 2935 fatis
1763 2901 1786 2934 g
1824 2912 1866 2916 -—

146 2961 214 2996 873
239 2956 328 3005 qubd
345 2964 369 2999 l.
