2106 3334
791 98 900 133 Liber
927 97 988 133 IV.
1039 99 1233 133 398—425.
1787 99 1867 139 103

354 250 400 286 ut
434 243 608 286 ueniant
639 257 847 299 gemmae,
880 246 991 284 totus
1022 242 1270 282 transibitur
1300 241 1425 292 orbis,

356 331 432 358 neo
464 315 651 370 lapidum
684 315 817 369 pretio
850 314 1026 368 pelagus
1058 313 1218 367 cepisse
1251 312 1421 367 pigebit.

284 402 335 429 400
356 401 497 428 annua
530 386 696 427 solliciti
729 388 978 426 consument
1010 387 1109 425 uota
1141 383 1291 433 coloni,

355 462 396 498 et
428 461 610 511 quantae
643 456 848 497 mercedis
881 458 1004 496 erunt
1035 455 1203 495 fallacia
1234 453 1352 494 rura!

355 541 607 582 quaeremus
639 528 815 573 lucrum,
850 540 981 567 naues
1012 525 1275 579 Martemque
1307 538 1532 578 sequemur

351 599 392 639 in
426 599 617 653 praedas.
682 598 838 652 pudeat
869 600 985 638 tanto
1017 596 1128 637 bona
1160 595 1270 636 uelle
1304 592 1481 636 caduca!

355 670 546 710 luxuriae
579 683 747 723 quoque
778 668 928 709 militia
960 672 1035 719 est,
1069 667 1301 721 uigilatque
1334 666 1466 706 ruinis

284 756 336 784 405
357 745 517 792 uenter,
551 744 592 781 et
623 744 669 781 ut
701 753 863 794 pereas,
897 739 1110 793 suspirant
1141 752 1267 792 saepe
1301 740 1486 791 nepotes.

357 812 468 865 quod
502 811 616 852 caelo
650 810 858 861 dabimus,
893 813 1097 863 quantum
1130 812 1205 860 est,
1239 822 1321 862 quo
1354 811 1508 848 ueneat
1540 806 1680 847 omne!

356 881 662 936 impendendus
695 881 820 922 homo
854 884 927 932 est,
963 881 1065 921 deus
1099 893 1189 920 esse
1222 883 1268 920 ut
1300 879 1431 933 possit
1461 879 1504 918 in
1536 878 1639 932 ipso.

354 952 432 993 hac
465 952 540 993 tibi
572 955 821 993 nascentum
852 965 992 992 mores
1024 954 1122 992 sunt
1152 951 1245 1004 lege
1279 949 1465 990 notandi.

426 1037 503 1064 nec
535 1023 635 1064 satis
668 1027 731 1064 est
761 1022 892 1077 signis
925 1021 1187 1063 dominantia
1219 1021 1381 1062 discere
1414 1021 1536 1074 signa

284 1108 336 1136 410
356 1108 430 1148 per
462 1095 592 1135 denos
626 1108 836 1145 numeros,
871 1097 912 1134 et
944 1107 1051 1147 quae
1085 1093 1167 1134 sint
1197 1093 1325 1133 insita
1356 1092 1527 1145 cuique3

356 1165 429 1206 sed
461 1166 654 1220 proprias
686 1168 827 1220 partes
858 1165 971 1220 ipsas
1003 1168 1194 1219 spectare
1227 1167 1439 1204 memento

355 1236 423 1277 uel
456 1237 592 1291 glacie
625 1236 798 1291 rigidas,
832 1237 901 1277 uel
933 1250 1038 1290 quas
1070 1236 1277 1277 exusserit
1307 1235 1430 1289 ignis,

357 1311 398 1348 et
430 1308 582 1349 sterilis
616 1311 794 1362 utroque
828 1312 983 1360 tamen,
1017 1322 1101 1361 qua
1131 1307 1290 1361 largior
1322 1320 1455 1357 umor,

358 1393 526 1433 quaque
559 1380 696 1420 minor
726 1380 836 1420 iusto
869 1378 1014 1429 fuerit3
1050 1392 1233 1432 namque
1266 1377 1408 1418 omnia
1440 1376 1580 1417 mixtis

285 1464 337 1492 415
358 1449 519 1491 uiribus
554 1454 595 1490 et
625 1450 744 1491 uario
778 1454 1039 1504 consurgunt
1071 1449 1209 1490 sidera
1240 1452 1369 1489 textu.

358 1525 421 1561 est
452 1521 630 1575 aequale
662 1521 778 1562 nihil.
842 1525 1032 1562 terrenos
1063 1521 1205 1575 aspice
1237 1523 1394 1560 tractus

357 1595 399 1632 et
430 1592 558 1633 maris
589 1596 630 1633 et
662 1592 794 1647 pactis
827 1592 1033 1646 fulgentia
1064 1592 1240 1632 flumina
1272 1591 1391 1645 ripis:

359 1663 518 1703 crimen
552 1663 707 1717 ubique
739 1663 952 1717 frequens,
986 1666 1027 1703 et
1058 1662 1172 1703 laudi
1204 1662 1330 1703 noxia
1361 1662 1505 1702 iuncta
1536 1664 1609 1701 est.

359 1734 417 1775 sic
449 1734 601 1775 sterilis
633 1738 767 1775 torres
798 1735 918 1775 laetis
949 1734 1180 1775 interuenit
1211 1733 1325 1774 aruis

287 1820 339 1847 420
359 1819 407 1845 ac
440 1805 577 1846 subito
610 1806 769 1861 rumpit
800 1820 932 1861 paruo
965 1805 1207 1847 discrimine
1240 1804 1363 1845 fetus.

359 1880 399 1917 et
431 1877 555 1917 modo
588 1880 734 1931 portus
770 1881 860 1918 erat
890 1877 1044 1932 pelagi,
1077 1877 1162 1917 iam
1195 1880 1316 1917 uasta
1349 1874 1600 1930 Charybdis,

358 1947 604 2002 laudatique
637 1948 750 1989 cadit
780 1953 875 2003 post
905 1949 1079 2003 paulum
1112 1948 1249 2002 gratia
1280 1947 1411 2002 ponti.

359 2022 400 2059 et
432 2033 543 2060 nunc
574 2034 651 2074 per
682 2021 890 2075 scopulos,
922 2034 1034 2061 nunc
1067 2019 1227 2074 campis
1258 2018 1416 2059 labitur
1447 2016 1583 2058 amnis

360 2093 433 2130 aut
462 2089 621 2132 faciens
652 2091 732 2132 iter
763 2096 836 2132 aut
868 2105 1076 2146 quaerens
1108 2090 1293 2131 curritue
1324 2088 1498 2129 reditue.

288 2175 341 2203 425
360 2160 419 2201 sic
450 2161 577 2203 etiam
610 2163 716 2204 caeli
747 2166 888 2218 partes
920 2163 1141 2204 uariantur
1172 2162 1215 2202 in
1248 2161 1382 2202 astris.

291 2295 359 2330 398
393 2299 492 2347 yeme
510 2306 577 2341 gni
607 2305 704 2343 yeme
724 2308 743 2333 0
771 2299 934 2342 yeminae
951 2298 964 2333 1
996 2298 1201 2333 transibunt
1219 2307 1256 2331 m
1290 2315 1332 2320 —
1365 2296 1432 2330 399
1453 2305 1574 2338 preczo
1593 2292 1605 2327 l
1631 2303 1744 2338 prauo
1770 2301 1803 2325 ln
1833 2309 1874 2313 ——

150 2361 219 2395 400
245 2361 483 2396 consumant]
509 2366 719 2398 consumant
737 2372 789 2407 30
814 2366 1018 2398 consument
1036 2373 1073 2397 m
1100 2382 1140 2385 —
1167 2364 1231 2397 401
1253 2361 1406 2406 fallacia
1423 2359 1496 2403 130
1521 2359 1669 2394 sollacia
1686 2367 1722 2391 m
1748 2355 1878 2391 ruoisl

150 2426 250 2460 ruris
272 2434 296 2468 g
327 2437 418 2461 rura
435 2437 501 2462 mc
535 2447 577 2450 -—
610 2429 677 2463 402
705 2440 915 2472 quaeremus
934 2428 1008 2472 lgc
1040 2440 1130 2472 quae
1154 2428 1278 2462 renuis
1297 2436 1335 2460 m
1368 2426 1501 2467 (remus
1520 2423 1560 2466 L)
1592 2427 1749 2466 sequa-ur
1769 2431 1805 2454 m
1834 2440 1875 2443 —

151 2492 218 2525 404
244 2491 389 2526 malitia
406 2501 430 2535 3
457 2511 499 2515 -
526 2494 594 2528 405
617 2497 741 2537 pereat
759 2503 779 2527 o
808 2512 849 2516 ——
876 2495 944 2527 406
970 2505 1036 2537 quo
1056 2503 1090 2527 m
1118 2493 1210 2536 quod
1229 2502 1255 2523 ω
1281 2491 1404 2525 ueniat
1423 2500 1444 2525 O
1467 2508 1508 2512 -
1530 2488 1599 2523 410
1626 2488 1757 2531 insiqlfa
1776 2496 1813 2520 m
1835 2505 1876 2509 -

151 2555 215 2589 411
239 2557 410 2600 proprias
428 2566 448 2591 O
469 2561 592 2602 partes
610 2568 631 2592 o
660 2578 698 2581 —
718 2560 784 2594 412
806 2559 936 2603 ylatz‘es
952 2558 965 2592 1
987 2559 1119 2603 qlacies
1138 2567 1157 2592 e
1179 2557 1293 2601 91αοἱο
1311 2565 1380 2599 gni
1406 2567 1496 2599 quae
1511 2565 1617 2589 seaeus
1634 2555 1711 2587 crat
1730 2552 1822 2596 tynis
1840 2560 1875 2584 m

151 2632 239 2664 quas
265 2625 448 2672 emusserat
473 2623 567 2667 iqnis
584 2632 611 2655 ω
632 2643 672 2647 ——
692 2623 759 2659 413
778 2626 927 2667 utroque
944 2633 965 2657 o
992 2626 1110 2657 tamen
1127 2633 1215 2666 quas
1234 2630 1254 2655 o
1274 2621 1365 2662 (tam
1382 2631 1471 2664 quas
1489 2619 1529 2663 3)
1547 2641 1590 2644 —
1609 2620 1676 2652 414
1701 2628 1838 2661 quaque
1857 2626 1877 2650 o

153 2672 350 2729 minoribus
362 2693 537 2738 namquel
555 2696 674 2730 minor
687 2696 737 2729 ibi
751 2696 840 2730 teuit
853 2704 887 2728 m
907 2695 1104 2729 minoribus
1116 2694 1191 2727 ouit
1203 2702 1222 2727 0
1239 2690 1365 2734 minor)
1374 2690 1376 2734 1
1386 2690 1388 2735 Ι
1399 2690 1400 2735 l
1410 2689 1413 2735 1
1425 2701 1449 2735 g
1462 2690 1587 2733 (lacun
1594 2699 1655 2724 am
1666 2688 1748 2723 VIII
1758 2686 1876 2722 uelIX

151 2756 267 2793 litter.
293 2757 463 2803 expleuit
488 2768 625 2794 manus
650 2769 747 2794 saec.
767 2759 864 2794 XVI:
891 2760 965 2794 iam
989 2770 1095 2793 sucus
1119 2758 1204 2795 obit)
1231 2776 1271 2780 -
1298 2758 1365 2791 416
1391 2756 1508 2799 aspice
1527 2764 1547 2790 o
1574 2773 1614 2777 -
1635 2755 1700 2788 417
1723 2746 1878 2797 partisl

147 2825 270 2867 partes
285 2833 304 2858 0
321 2824 445 2867 partis
459 2832 528 2867 gm
551 2825 732 2869 fulgentia
746 2824 819 2868 130
843 2824 1024 2869 fugientia
1038 2833 1074 2857 m
1089 2842 1132 2846 —
1151 2824 1218 2856 419
1239 2822 1344 2856 terris
1358 2830 1378 2855 o
1396 2821 1499 2856 aruis
1513 2829 1533 2853 o
1550 2838 1590 2842 -
1607 2819 1675 2853 420
1688 2819 1784 2862 fetus
1798 2826 1818 2851 0
1835 2836 1875 2839 —

153 2888 219 2922 421
242 2891 376 2932 partus
400 2901 432 2924 α.
461 2898 556 2924 corr.
583 2899 627 2924 ex
653 2901 672 2924 o
698 2899 722 2933 g
746 2891 846 2934 facta
863 2889 937 2933 lgc
962 2891 1123 2924 uastam
1149 2908 1189 2911 ——
1215 2888 1282 2921 422
1304 2889 1372 2933 97ch
1391 2886 1456 2932 οἴρι·
1475 2884 1519 2929 gl
1543 2904 1586 2907 -
1612 2885 1678 2918 423
1702 2893 1840 2927 campos
1859 2891 1878 2916 0

157 2953 295 2988 lamllur
315 2963 349 2988 m
379 2973 417 2976 *-
447 2955 512 2988 424
541 2955 662 2989 uriluc
682 2964 713 2989 o.
