2106 3334
801 84 914 120 Liber
931 83 974 120 V.
1024 85 1219 120 282-309.
1790 87 1870 128 133

362 228 542 270 subdere
574 228 759 270 fracture
792 227 899 269 silici
930 227 1143 268 frumenta
1174 241 1385 282 superque

361 301 516 340 ducere
548 299 772 353 pendentis
804 299 927 340 orbes
958 302 1000 338 et
1029 312 1222 352 mergere
1255 297 1371 339 farra

361 385 410 411 ac
443 374 602 411 torrere
633 370 739 411 focis
770 370 1075 424 hominumque
1108 368 1310 410 alimenta
1341 383 1491 423 parare

289 456 340 483 285
361 445 486 496 atque
519 455 650 482 unum
681 455 816 496 genus
846 441 890 481 in
921 440 1075 481 multas
1108 439 1274 481 uariare
1305 440 1477 494 figuras.

359 516 400 553 et
432 512 531 567 quia
563 511 774 566 dispositis
805 510 1024 553 habitatur
1055 510 1172 565 spica
1202 525 1279 565 per
1309 514 1443 552 artem

359 583 566 638 frugibus,
599 587 640 624 et
672 586 830 624 structo
862 582 1010 623 similis
1042 581 1309 636 componitur
1339 582 1456 633 ordo,

358 654 674 708 seminibusque
705 653 791 694 suis
825 653 951 694 cellas
982 656 1109 707 atque
1140 652 1294 693 horrea
1324 652 1513 706 praebet,

359 726 619 780 sculpentem
651 725 779 766 faciet
810 723 965 765 sanctis
997 723 1215 778 laquearia
1246 723 1414 777 templis

280 811 333 838 290
352 795 688 849 condentemque
721 808 878 835 nouum
913 794 1077 835 caelum
1110 807 1185 848 per
1217 797 1328 835 tecta
1358 793 1576 834 Tonantis.

358 867 462 907 haec
494 866 633 907 fuerat
663 865 877 920 quondam
909 864 1018 905 diuis
1051 878 1251 906 concessa
1282 864 1438 919 figura3

357 951 469 978 nunc
501 937 584 978 iam
617 936 808 978 luxuriae
841 950 952 991 pars,
986 940 1026 977 et
1057 936 1242 977 triclinia
1272 936 1439 990 templis

356 1012 618 1059 concertant3
651 1008 834 1063 tectique
866 1021 969 1049 auro
1001 1007 1087 1048 iam
1119 1006 1332 1048 uescimur
1363 1021 1479 1048 auro.

427 1079 499 1120 sed
532 1082 651 1134 parte
684 1082 835 1120 octaua
866 1083 1110 1133 surgentem
1143 1092 1268 1119 cerne
1299 1078 1498 1133 sagittam

283 1165 335 1192 295
356 1150 582 1191 chelarum.
647 1149 764 1191 dabit
795 1154 836 1191 et
867 1150 1052 1191 iaculum
1084 1154 1281 1204 torquere
1312 1149 1482 1190 lacertis

353 1225 395 1262 et
426 1221 636 1262 calamum
669 1221 813 1262 neruis
844 1221 992 1276 glebas
1024 1225 1066 1262 et
1096 1220 1263 1262 mittere
1296 1220 1427 1275 uirgis

354 1292 693 1348 pendentemque
726 1307 801 1334 suo
834 1292 1052 1334 uolucrem
1085 1292 1348 1347 deprendere
1381 1291 1497 1333 caelo

354 1363 527 1418 cuspide
559 1364 628 1404 uel
659 1363 814 1419 triplici
846 1377 1042 1405 securum
1073 1364 1204 1418 figere
1236 1363 1408 1418 piscem.

353 1435 465 1489 quod
497 1435 637 1489 potius
669 1434 859 1476 dederim
890 1434 1055 1476 Teucro
1087 1434 1259 1475 sidusue
1290 1448 1494 1488 genusne,

281 1521 334 1547 300
353 1509 461 1557 teue,
494 1505 744 1557 Philoctete,
779 1505 845 1546 cui
877 1505 1021 1547 malim
1053 1505 1226 1546 credere
1258 1504 1395 1560 parti?

353 1576 550 1618 Hectoris
580 1577 650 1617 ille
681 1577 797 1619 faces
828 1591 930 1618 arcu
963 1577 1131 1631 teloque
1164 1576 1344 1631 fugauit,

354 1647 545 1689 mittebat
577 1662 727 1690 saeuos
758 1648 879 1703 ignes
912 1649 983 1703 qui
1015 1647 1130 1689 mille
1164 1647 1337 1698 carinis3

351 1718 419 1759 hic
451 1722 607 1760 sortem
640 1719 839 1774 pharetra
871 1718 1024 1760 Troiae
1056 1719 1241 1774 bellique
1272 1718 1448 1773 gerebat

352 1790 487 1831 maior
518 1794 559 1831 et
590 1791 763 1832 armatis
794 1790 924 1832 hostis
956 1790 1206 1832 subsederat
1237 1790 1345 1831 exul.

266 1875 332 1925 ‘305
351 1861 452 1915 quin
486 1861 613 1903 etiam
645 1862 716 1903 ille
747 1866 869 1917 pater
899 1863 973 1903 tali
1004 1862 1056 1903 de
1087 1861 1225 1903 sidere
1256 1865 1396 1903 cretus

350 1946 443 1973 esse
473 1936 624 1987 potest,
657 1933 730 1989 qui
761 1938 1000 1988 serpentem
1034 1947 1161 1989 super
1192 1947 1267 1974 ora
1298 1933 1540 1984 cubantem,

351 2003 513 2056 infelix,
546 2005 634 2046 nati
666 2019 943 2060 sanguenque
975 2005 1246 2060 animamque
1279 2004 1494 2046 bibentem

351 2075 549 2116 sustinuit
580 2076 707 2118 misso
739 2080 882 2131 petere
914 2091 963 2118 ac
995 2080 1262 2132 prosternere
1294 2076 1390 2117 telo.

351 2160 418 2187 ars
448 2151 540 2188 erat
570 2162 661 2189 esse
693 2152 877 2203 patrem3
910 2148 1013 2190 uicit
1043 2151 1197 2189 natura
1227 2147 1447 2202 periclum,

282 2270 350 2304 282
384 2273 543 2313 jacturos
566 2238 670 2306 laclil
706 2272 863 2315 facturos
887 2271 956 2307 luci
973 2281 1024 2316 gc
1058 2272 1215 2316 facturos
1251 2270 1365 2306 litim
1400 2289 1441 2294 —
1474 2271 1544 2305 283
1577 2270 1767 2314 pendentes
1790 2268 1863 2313 lgc

140 2335 327 2378 pendentis
341 2344 376 2369 m
395 2328 511 2371 sacrat
527 2335 662 2380 farral
679 2348 785 2372 sacra
799 2347 823 2381 g
839 2338 948 2381 farra
962 2347 1026 2372 cm
1045 2338 1114 2373 283
1134 2335 1296 2372 collocat
1310 2345 1334 2380 g
1351 2335 1439 2380 post
1451 2336 1519 2370 284
1545 2353 1587 2358 -
1608 2335 1676 2369 285
1694 2335 1813 2378 Eique
1825 2343 1862 2368 m

139 2399 332 2444 uariasque
356 2409 377 2434 0
416 2420 457 2424 -
495 2402 563 2437 286
589 2390 762 2447 habebitur
785 2401 798 2437 l
834 2402 1005 2437 habeatur
1028 2412 1052 2446 g
1088 2402 1271 2437 habitatur
1298 2410 1362 2436 cm
1400 2419 1445 2424 —
1482 2401 1548 2435 287
1589 2400 1780 2434 destructos
1804 2397 1862 2433 lm

140 2464 329 2499 distractos
346 2474 366 2500 c
391 2469 587 2502 eoestructos
604 2477 628 2511 g
653 2489 699 2493 —
723 2468 909 2503 289—293
938 2467 1098 2512 antiqua
1121 2476 1258 2502 manus
1282 2464 1482 2510 inscripsit
1504 2464 1543 2500 in
1570 2464 1594 2500 l.
1632 2463 1670 2499 in
1698 2472 1817 2507 marg.
1841 2473 1863 2498 a

140 2537 255 2564 manu
274 2530 501 2566 recentiore:
527 2532 613 2567 olim
632 2532 770 2567 lacuna.
791 2531 1041 2567 restituimusl
1066 2532 1104 2567 hi
1120 2544 1246 2568 uersus
1263 2532 1367 2576 infra
1383 2531 1554 2567 reiciendi
1571 2539 1595 2574 g
1621 2528 1660 2564 in
1680 2538 1798 2572 marg.
1819 2548 1860 2552 -

997 2584 1018 2605 ÷
1030 2580 1141 2609 sagittis·

140 2613 207 2647 290
234 2614 365 2648 tenacis
384 2623 404 2648 0
440 2633 482 2637 —
517 2616 585 2650 292
611 2618 642 2650 et
669 2625 740 2650 om.
760 2625 796 2650 m
834 2633 875 2638 —
911 2616 979 2650 295
1007 2614 1177 2650 lacertis]
1208 2615 1350 2659 sayittis
1368 2623 1387 2649 c
1419 2614 1559 2649 lacertis
1577 2624 1603 2646 ω
1636 2631 1676 2636 -
1709 2613 1776 2648 297
1804 2613 1860 2648 de-

138 2676 343 2721 penderelc
372 2698 409 2702 —
435 2680 503 2715 299
526 2681 653 2724 quode
678 2679 809 2716 totiasl
818 2690 842 2724 g
867 2681 1026 2715 tociusm
1052 2681 1178 2715 totusc
1202 2680 1360 2715 tecicroo
1387 2698 1427 2703 —
1454 2681 1522 2714 300
1542 2681 1619 2713 tene
1632 2687 1668 2712 m
1693 2677 1861 2721 malliml

139 2742 292 2777 mallum
310 2753 347 2777 m
373 2745 514 2780 mallim
532 2754 556 2789 g
581 2764 622 2768 —
642 2746 707 2780 301
735 2757 823 2780 arcu
841 2736 867 2756 et
890 2745 1027 2789 telaque
1044 2744 1057 2779 l
1082 2756 1169 2779 arcu
1195 2745 1328 2789 teloque
1345 2754 1369 2789 g
1395 2756 1482 2779 arcu
1500 2744 1677 2787 telumque
1694 2752 1730 2777 m
1757 2754 1860 2777 arcus

140 2811 172 2843 ct
199 2808 268 2843 tela
286 2818 305 2843 c
331 2828 372 2832 —
399 2810 467 2844 302
492 2811 721 2855 mittebatque
744 2822 824 2846 suos
849 2811 947 2856 ignes
972 2813 1004 2845 et
1022 2819 1043 2845 0
1068 2829 1110 2833 —
1135 2811 1204 2844 303
1228 2812 1307 2845 orta
1331 2810 1371 2845 in
1387 2819 1425 2844 111
1454 2812 1569 2844 ortam
1586 2818 1614 2841 ω
1633 2807 1804 2852 pharetro
1822 2816 1859 2842 m

136 2873 344 2918 pharetram
368 2885 395 2906 ω
434 2875 631 2919 bellumque
654 2885 675 2910 ο
715 2894 756 2899 -
796 2877 863 2911 305
897 2878 1002 2920 pater
1027 2876 1089 2911 ille
1115 2885 1135 2911 c
1174 2895 1216 2899 —
1260 2875 1326 2911 307
1364 2886 1557 2919 sonumque
1579 2883 1601 2909 o
1639 2862 1820 2910 ilivssentem
1847 2874 1859 2910 l

142 2938 322 2974 uiuentem
339 2948 375 2973 m
404 2958 446 2962 —
473 2940 540 2975 309
565 2943 705 2976 arserat
722 2940 777 2985 gl.
