2106 3334
789 85 902 122 Liber
927 85 969 121 V.
1021 87 1217 122 170-197,
1785 91 1863 131 129

285 234 336 262 170
356 223 401 260 ut
432 222 574 260 teneat
605 222 744 260 tantos
777 218 900 259 orbes
933 217 1097 273 sibique
1129 218 1219 273 ipse
1251 218 1418 260 reludat

356 295 397 331 et
427 291 545 331 uelut
576 289 746 331 edoctos
778 289 924 330 iubeat
954 290 1135 330 uolitare
1166 304 1242 344 per
1273 289 1424 344 ipsum.

354 362 549 418 inuigilat
579 361 751 411 somnis,
786 374 908 401 curas
939 360 1148 401 industria
1178 360 1330 413 uincit3

355 435 441 475 otia
471 446 547 488 per
578 432 720 473 uarios
752 435 920 472 exercet
952 431 1092 472 dulcia
1123 432 1253 473 lusus.

425 517 537 546 nunc
569 517 722 544 cancro
754 503 895 544 uicina
927 517 1092 555 canam,
1126 503 1193 544 cui
1224 507 1344 557 parte
1377 503 1547 544 sinistra

284 592 335 620 175
355 578 615 629 consurgunt
646 573 830 629 iugulae.
894 574 1045 628 quibus
1078 574 1364 628 aspirantibus
1395 574 1475 614 orti

348 653 403 699 te,
435 646 662 700 Meleagre‚
695 645 839 685 colunt
870 645 1052 685 flammis
1083 645 1373 685 habitantibus
1404 649 1559 697 ustum,

354 718 687 771 reddentemque
719 719 817 756 tuae
849 729 925 770 per
957 720 1135 756 mortem
1169 729 1348 756 munera
1378 717 1516 767 matri,

355 789 473 830 cuius
506 791 547 828 et
578 790 676 828 ante
708 800 856 827 necem
887 785 1093 840 paulatim
1126 786 1214 826 uita
1246 786 1411 840 sepulta
1444 790 1519 838 est,

347 865 474 914 atque
504 858 754 898 Atalanteos
787 860 985 897 conatum
1018 856 1130 897 ferre
1162 856 1348 907 labores;

283 948 334 974 180
353 935 395 972 et
427 929 671 984 Calydonea
703 927 933 968 bellantem
966 942 1072 983 rupe
1103 927 1291 983 puellam

354 1003 680 1054 uincentemque
712 1000 826 1040 uiros
859 1003 911 1051 et,
946 1013 1073 1054 quam
1105 1000 1293 1054 potuisse
1325 1000 1471 1040 uidere

352 1073 518 1126 uirgine
550 1071 687 1112 maius
719 1075 823 1122 erat,
857 1074 1115 1112 sternentem
1148 1071 1325 1112 uulnere
1356 1071 1513 1126 primo3

353 1157 566 1199 quamque
598 1146 689 1183 erat
720 1142 911 1184 Actaeon
944 1143 1061 1183 siluis
1094 1142 1283 1184 imitatus
1315 1147 1356 1183 et
1388 1147 1485 1184 ante

353 1229 480 1270 quam
513 1214 688 1255 canibus
720 1228 833 1255 noua
864 1213 1024 1268 praeda
1055 1213 1145 1254 fuit.
1209 1214 1422 1255 ducuntur
1453 1218 1493 1254 et
1525 1215 1605 1269 ipsi

282 1303 333 1329 1⁸5
352 1287 512 1327 retibus
545 1289 586 1325 et
617 1285 822 1326 claudunt
853 1299 1026 1340 campos
1057 1285 1297 1326 formadine
1329 1286 1476 1326 mortis

348 1357 652 1410 mendacisque
684 1360 836 1411 parant
867 1356 1016 1397 foueas
1046 1356 1306 1411 laqueosque
1338 1357 1499 1397 tenacis

353 1428 646 1482 currentisque
678 1427 789 1468 feras
820 1427 1067 1482 pedicarum
1100 1428 1304 1482 compede
1336 1432 1530 1479 nectunt3

353 1505 426 1541 aut
457 1499 632 1540 canibus
665 1498 834 1540 ferroue
866 1503 1021 1539 necant
1051 1499 1317 1554 praedasque
1349 1503 1579 1554 reportant.

353 1575 463 1624 sunt,
495 1570 648 1625 quibus
680 1570 723 1611 in
756 1574 884 1624 ponto
917 1570 1104 1610 studium
1137 1574 1201 1611 est
1232 1571 1394 1625 cepisse
1427 1571 1614 1611 ferarum

283 1658 334 1684 190
353 1642 543 1682 diuersas
575 1641 707 1682 facies
739 1644 780 1681 et
811 1654 937 1681 caeco
970 1641 1100 1682 missa
1131 1640 1341 1696 profundo

354 1717 542 1753 sternere
574 1712 734 1753 litoreis
766 1715 1050 1752 monstrorum
1083 1726 1261 1767 corpora
1292 1712 1463 1754 harenis

351 1783 696 1837 horrendumque
728 1783 847 1824 fretis
879 1784 922 1824 in
955 1783 1067 1825 bella
1098 1784 1307 1825 lacessere
1339 1788 1516 1839 pontum

354 1860 395 1896 et
426 1856 566 1896 colare
598 1869 730 1909 uagos
763 1854 946 1895 inductis
979 1855 1140 1896 retibus
1172 1870 1332 1908 amnes,

354 1941 402 1968 ac
434 1941 510 1981 per
541 1926 660 1967 nulla
692 1926 811 1980 sequi
844 1926 1040 1967 dubitant
1071 1927 1252 1981 uestigia
1284 1928 1477 1982 praedas.

284 2013 334 2040 195
353 1998 537 2038 luxuriet
568 1998 668 2052 quia
696 2001 810 2038 terra
841 2011 1007 2052 parum,
1040 1997 1228 2039 fastidiet
1260 1999 1406 2039 orbem

352 2073 516 2122 uenter,
550 2073 590 2110 et
622 2069 711 2123 ipse
743 2068 888 2123 gulam
920 2068 1084 2110 Nereus
1116 2083 1167 2110 ex
1199 2084 1384 2124 aequore
1415 2074 1569 2121 pascet.

354 2144 396 2181 at
427 2154 613 2197 procyon
645 2140 800 2193 oriens,
834 2154 929 2181 cum
961 2140 1046 2182 iam
1079 2140 1284 2182 uicesima
1316 2155 1469 2183 cancro

285 2278 352 2312 170
379 2275 548 2319 teneantl
575 2277 714 2310 teneant
730 2285 765 2309 m
793 2277 910 2310 teneat
925 2285 977 2319 gc
1002 2275 1078 2321 ipsa
1096 2286 1117 2310 o
1143 2276 1283 2311 reludat
1299 2286 1320 2310 o
1348 2295 1389 2299 —
1418 2278 1481 2312 171
1510 2272 1666 2324 εάξίοίοεΙ
1690 2276 1815 2311 edictos
1832 2286 1869 2311 m

141 2341 264 2376 iuueat
285 2351 322 2376 m
362 2359 403 2363 —
438 2341 505 2377 172
535 2340 705 2385 inuiyitat
731 2340 880 2375 summis
906 2350 943 2375 m
976 2360 1018 2363 —
1053 2342 1119 2377 175
1151 2341 1420 2385 adspirantibus
1445 2341 1457 2375 l
1494 2341 1735 2386 aspirantibus
1761 2352 1788 2373 ω
1828 2360 1869 2364 -

144 2408 210 2442 176
223 2393 392 2452 staminiis
408 2405 421 2440 l
444 2405 645 2440 habentibus
662 2416 696 2440 m
723 2405 963 2440 habitantibus
979 2416 1006 2438 ω
1026 2425 1068 2429 —
1089 2408 1156 2442 179
1181 2406 1228 2440 ad
1244 2406 1374 2441 lanteos
1390 2406 1402 2440 l
1425 2406 1585 2441 adlanteo
1600 2416 1619 2441 c
1642 2406 1834 2441 athlanteos
1847 2415 1872 2450 g

141 2471 338 2506 atalanteos
355 2481 392 2506 m
423 2470 597 2515 conatu-‚sl
627 2471 779 2505 conatur
796 2480 833 2504 m
864 2473 1029 2505 conatum
1048 2481 1100 2515 gc
1140 2490 1181 2494 ——
1222 2472 1289 2506 180
1319 2471 1496 2506 calidonea
1520 2481 1540 2506 o
1573 2471 1739 2515 capellam
1765 2481 1789 2515 g
1828 2490 1869 2494 -

145 2538 207 2571 181
234 2536 353 2570 uidere
367 2546 404 2570 111
429 2535 546 2570 uideri
560 2546 587 2567 ω
607 2554 648 2558 —
666 2536 732 2570 182
749 2537 895 2605 natusgtg
912 2554 953 2559 —
970 2537 1038 2571 183
1055 2547 1227 2580 quamque
1240 2546 1261 2570 o
1286 2539 1366 2571 erat
1383 2536 1539 2572 tacteonl
1563 2540 1641 2572 erat
1661 2538 1815 2571 tactaeon
1833 2546 1868 2571 m

813 2590 874 2606 mor
890 2590 912 2606 ιε

141 2621 259 2654 acteon
279 2629 330 2662 gc
364 2618 560 2653 imitandus
578 2628 599 2653 o
633 2637 674 2641 —-
709 2619 776 2653 18ἴ)
807 2617 972 2653 montesl
1001 2621 1134 2653 montes
1153 2628 1188 2652 1n
1222 2619 1346 2653 mortis
1365 2629 1416 2663 gc
1450 2638 1492 2643 —
1526 2620 1592 2654 186
1623 2616 1833 2663 mendacisq.
1858 2619 1871 2654 l

142 2684 388 2728 ‘mendacesqiae
407 2693 426 2718 c
453 2687 586 2718 tenaces
603 2693 624 2718 o
652 2702 694 2706 -—
723 2684 788 2719 187
815 2683 1032 2727 curantisque
1051 2694 1087 2718 m
1120 2705 1163 2709 —
1197 2685 1264 2719 188
1287 2684 1433 2728 feruore
1451 2694 1471 2719 c
1502 2703 1541 2707 —
1573 2686 1640 2719 190
1666 2678 1769 2730 missi}
1787 2685 1809 2719 l'
1828 2704 1870 2708 —

144 2751 208 2784 191
248 2750 488 2784 monstrarunt
515 2748 527 2783 l
563 2739 692 2784 habenis
717 2748 728 2782 l
771 2748 901 2783 habetis
927 2758 961 2783 1n
1001 2748 1142 2783 habenis
1169 2758 1220 2792 gc
1260 2768 1302 2772 —
1343 2750 1410 2784 192
1442 2749 1554 2793 precis
1580 2760 1615 2784 m
1664 2738 1688 2761 '³
1705 2760 1832 2784 cessere
1858 2749 1871 2784 l

142 2824 268 2848 cessere
287 2824 322 2848 m
357 2833 399 2836 —
434 2815 500 2849 193
523 2808 668 2860 amnisl
700 2825 818 2848 ammes
837 2824 855 2848 e
886 2815 1007 2848 amnis
1025 2824 1094 2858 gin
1131 2832 1171 2837 —
1207 2815 1274 2848 194
1303 2813 1437 2849 dubitat
1455 2824 1476 2849 o
1510 2834 1552 2837 —
1594 2816 1659 2849 195
1685 2815 1832 2849 luxuria
1849 2824 1870 2850 o

143 2890 212 2922 qua
230 2889 266 2913 m
293 2879 376 2923 quia
393 2890 421 2911 ω
455 2898 496 2901 -
533 2881 599 2914 196
621 2879 760 2924 yilarnl
788 2879 897 2923 yilam
915 2889 952 2913 m
973 2879 1129 2923 pascito
1164 2897 1204 2901 —·
1239 2880 1304 2915 197
1330 2872 1410 2923 aigil
1439 2879 1486 2914 ad
1504 2889 1540 2914 m
1567 2880 1712 2923 procion
1731 2889 1752 2914 o
1785 2881 1872 2924 post

143 2954 266 2978 cancro
291 2943 441 2978 addunt
466 2947 518 2979 est
541 2944 625 2988 lgc.

214 3026 355 3051 Manilius.
383 3027 404 3050 Ι.
1733 3018 1755 3051 9
