2106 3334
779 85 887 122 Liber
913 85 977 122 ΙΙΙ.
1028 87 1225 123 466—-495,
1804 94 1848 133 g}

347 228 566 270 diuiduum
598 228 817 283 duplicant
848 229 959 270 uires
991 229 1211 271 haerentia
1243 231 1377 284 signa,

345 300 576 354 ultimaque
609 303 803 354 acceptas
836 299 1063 354 triplicant.
1127 301 1185 342 ita
1217 315 1381 342 summa
1414 301 1562 342 diebus

344 371 550 421 redditur,
584 375 789 425 aequatae
822 371 1044 412 soluuntur
1075 371 1248 413 faenore
1280 376 1436 423 noctes,

344 456 489 482 rursus
522 445 563 482 et
594 439 801 496 incipiunt
827 442 999 496 propria
1031 442 1082 483 de
1115 447 1226 484 sorte
1258 443 1406 484 diebus

271 528 324 554 470
343 512 493 553 cedere
525 512 693 553 diuersa
724 512 911 553 labentia
944 516 1134 567 tempora
1166 514 1273 568 lege.

343 597 526 637 namque
558 582 667 623 aries
699 583 873 623 totidem
906 583 1077 624 deducit
1107 584 1302 625 noctibus
1333 585 1471 635 horas,

343 658 444 708 quot
474 653 591 708 prius
622 653 885 694 abstulerant
917 655 1087 708 proprio
1121 655 1197 695 sub
1230 655 1400 695 nomine
1433 655 1582 709 pisces.

341 724 446 765 hora
477 724 602 764 datur
633 728 767 777 tauro,
802 724 1101 778 cumulentque
1134 729 1179 765 ut
1212 725 1368 766 damna
1400 726 1554 780 priora,

340 795 559 836 dimidiam
591 795 829 849 adiungunt
861 795 1031 849 gemini.
1096 796 1154 836 sic
1188 796 1338 836 ultima
1370 796 1516 850 primis

267 881 319 908 475
339 865 597 920 respondent
627 866 870 920 pariterque
902 865 998 917 illis,
1031 880 1139 920 quae
1172 867 1365 921 proxima
1396 867 1574 920 fulgent,

339 940 380 977 et
410 935 550 977 media
583 936 773 990 aequatis
807 940 1032 977 censentur
1063 936 1225 978 uiribus
1258 941 1372 978 astra

336 1007 672 1061 praecipuosque
704 1011 858 1061 gerunt
888 1007 1094 1048 uariauda
1127 1008 1179 1048 ad
1212 1012 1404 1063 tempora
1436 1012 1591 1049 motus„

337 1078 416 1118 hac
449 1077 541 1118 uice
573 1077 796 1118 discedunt
827 1082 972 1118 noctes
1005 1078 1058 1118 ad
1091 1078 1230 1119 sidera
1262 1079 1452 1130 brumae,

334 1148 623 1202 tollunturque
656 1147 759 1199 dies,
792 1149 978 1203 annillue
1010 1149 1236 1190 inuertitur
1268 1150 1395 1202 orbis,

264 1235 316 1261 480
336 1219 559 1260 solstitium
592 1219 701 1259 tardi
733 1233 830 1260 cum
861 1220 908 1260 fit
940 1219 1017 1260 sub
1051 1220 1187 1261 sidere
1220 1221 1381 1271 cancri3

335 1294 520 1344 tuncque
552 1290 663 1331 diem
696 1290 872 1331 brumae
904 1305 987 1332 nox
1019 1296 1187 1345 aequat,
1219 1296 1411 1346 tempora
1444 1293 1576 1333 noctis

334 1362 462 1416 longa
494 1361 582 1402 dies
616 1361 847 1416 similisque
880 1362 1002 1413 redit,
1037 1377 1161 1416 quam
1198 1367 1391 1403 creuerat
1422 1367 1530 1404 actu.

404 1433 476 1473 illa
508 1433 633 1473 etiam
668 1434 822 1487 poterit
853 1447 1031 1474 nascens
1066 1433 1133 1474 uia
1166 1434 1320 1474 ducere
1354 1434 1405 1474 ad
1439 1438 1611 1486 astrum,

333 1504 445 1559 quod
478 1503 732 1558 quaudoque
765 1504 886 1545 uadis
919 1504 1119 1546 emissum
1152 1505 1341 1545 redditur
1372 1505 1476 1546 orbi.

261 1590 313 1616 4545
334 1589 431 1616 nam
465 1578 594 1629 quota
625 1575 678 1615 sit
708 1575 826 1626 lueis,
861 1575 893 1616 si
927 1575 1020 1616 luce
1052 1575 1293 1629 requiritur,
1326 1576 1442 1626 hora,

331 1646 508 1701 aspicies
541 1649 668 1700 atque
700 1645 812 1686 hunc
844 1660 1069 1687 numerum
1101 1647 1321 1687 reuocabis
1354 1647 1396 1687 111
1428 1647 1565 1701 ipsum

331 1717 615 1771 multiplicans
648 1717 818 1758 deciens
852 1717 1025 1758 adiectis
1057 1718 1230 1773 insuper
1261 1718 1420 1758 eisdem

331 1788 517 1842 quinque
549 1792 691 1828 tamen
723 1788 917 1839 summis;
953 1788 1053 1842 quia
1084 1789 1382 1843 qualicumque
1415 1788 1492 1829 sub
1525 1789 1629 1830 hora

330 1862 394 1899 ter
425 1858 575 1913 quinas
607 1858 754 1899 mundi
787 1873 831 1899 se
864 1859 1070 1900 extollunt
1101 1859 1241 1901 sidera
1272 1863 1426 1914 partes.

257 1929 395 1971 4901110
429 1929 499 1970 ubi
533 1929 768 1971 constiterit
799 1944 1014 1983 numerus,
1049 1931 1306 1985 coniungere
1338 1935 1379 1971 et
1410 1930 1517 1983 illas,

329 2014 438 2055 quae
471 2005 670 2055 superent
701 2000 874 2042 Phoebo
908 2006 1050 2056 partes
1082 2016 1158 2057 per
1189 2002 1324 2056 signa,
1358 2006 1582 2043 memento.

329 2086 380 2112 ex
412 2071 489 2112 hac
522 2072 703 2113 tricenas
737 2087 902 2114 summa
933 2087 1009 2127 per
1040 2073 1180 2114 sidera
1210 2076 1352 2128 partes

328 2142 554 2183 distribues
586 2143 853 2197 primamque
887 2143 1035 2195 uicem,
1071 2158 1153 2198 quo
1185 2143 1384 2185 Phoebus
1416 2144 1458 2184 in
1493 2148 1604 2185 astro

327 2213 505 2265 fulserit,
538 2213 636 2255 inde
668 2213 775 2264 aliis,
809 2214 941 2255 solem
974 2228 1267 2269 quaecumque
1300 2219 1542 2269 sequentur.

251 2299 303 2326 495
323 2287 412 2325 tum
444 2298 526 2340 quo
559 2284 759 2326 subsistet
790 2299 991 2326 numerus
1025 2290 1298 2340 consumptus
1329 2286 1371 2326 in
1406 2290 1531 2338 astro,

256 2416 323 2449 466
351 2414 538 2458 triplicant
557 2423 578 2448 0
603 2415 745 2449 arentia
763 2424 784 2448 0
812 2433 853 2436 ——
881 2416 947 2449 467
977 2415 1161 2459 duplicant
1180 2424 1200 2449 0
1227 2433 1268 2437 —-
1293 2416 1373 2458 468,
1397 2416 1464 2449 469
1489 2414 1575 2459 post
1600 2416 1669 2449 474
1694 2414 1731 2449 in
1750 2424 1771 2449 0
1798 2433 1839 2438 —-

113 2479 183 2514 470
210 2474 369 2521 labantia
386 2478 399 2513 1
419 2498 460 2501 -
479 2480 546 2513 472
572 2470 666 2523 qumfl
685 2478 697 2513 1
723 2480 816 2523 quod
835 2489 869 2513 m
897 2482 979 2523 quot
998 2488 1049 2522 gc
1071 2499 1112 2502 -—
1130 2480 1199 2513 473
1225 2480 1448 2523 cumuletque
1465 2489 1486 2514 Ο
1512 2499 1554 2503 —
1573 2481 1640 2514 474
1662 2481 1798 2524 nemini
1816 2490 1840 2524 g

110 2545 264 2590 yeminis
280 2554 307 2576 ω
335 2562 377 2567 —-
404 2545 470 2578 477
500 2547 568 2579 tem
589 2543 668 2586 pal
699 2563 740 2567 —
767 2545 836 2579 478
861 2536 951 2586 ΙιέσΙ
983 2544 1066 2578 haec
1083 2553 1119 2577 ln
1148 2544 1333 2579 discedunt
1353 2554 1373 2578 Ο
1406 2546 1453 2579 acl
1478 2546 1598 2580 sidera
1618 2554 1638 2579 0
1665 2544 1838 2588 (sidorum

112 2609 233 2645 rdmae
244 2609 296 2651 m)
311 2628 351 2631 —
367 2609 432 2643 481
450 2611 601 2652 tuncque
612 2618 632 2642 0
646 2627 688 2631 ——
703 2610 770 2643 482
782 2620 888 2652 (lucem
900 2618 921 2643 0
934 2627 975 2631 -
989 2609 1078 2642 ante
1093 2608 1160 2642 483
1174 2609 1291 2643 altera
1304 2610 1397 2644 ratio
1410 2610 1620 2644 inueniendi
1632 2609 1754 2644 horam
1769 2619 1838 2653 gn]

111 2673 124 2707 l
151 2673 207 2717 (in
233 2672 367 2717 marg.)
400 2695 445 2698 —
476 2674 544 2708 483
572 2676 737 2708 aus-trum
756 2673 797 2708 10
822 2693 867 2696 —
892 2675 960 2708 486
987 2673 1136 2717 aspicies
1153 2682 1174 2707 0
1208 2693 1250 2697 -
1281 2675 1347 2708 487
1380 2674 1582 2719 multiplica
1600 2701 1608 2708 .
1628 2701 1635 2708 .
1661 2684 1685 2717 g
1716 2675 1837 2708 multi-

110 2737 280 2782 plicatisl
304 2738 551 2781 multiplicans
567 2748 631 2773 0111
662 2736 759 2782 derel!
776 2748 800 2782 g
831 2737 1051 2773 decenslcm
1082 2736 1319 2772 msdemlcm
1346 2739 1473 2773 iisdem
1488 2749 1512 2782 g
1538 2758 1579 2762 —
1604 2741 1670 2773 488
1687 2726 1837 2774 sumlzsl

111 2804 225 2838 sumis
242 2812 262 2837 0
291 2803 441 2837 summis
459 2812 528 2846 gni
561 2821 604 2827 —
639 2803 706 2837 489
739 2815 800 2837 sem
826 2803 956 2837 tollunt
975 2812 995 2836 0
1030 2821 1071 2825 —
1104 2803 1173 2836 490
1204 2791 1393 2847 coniunfflls
1418 2806 1449 2837 et
1473 2802 1483 2837 l
1519 2805 1702 2847 comlumyis
1729 2806 1759 2838 el
1784 2815 1835 2847 gc

111 2868 298 2912 couiunyes
324 2870 356 2903 et
375 2877 411 2901 m
438 2887 477 2889 —
504 2867 567 2901 491
597 2871 774 2902 momenta
794 2878 814 2900 0
842 2889 879 2894 -—
907 2868 974 2901 492
1001 2878 1159 2901 suwunas
1177 2878 1197 2900 0
1218 2869 1395 2910 μιν-113111
1423 2887 1463 2891 -u
1486 2870 1552 2902 495
1582 2871 1657 2903 tum
1683 2880 1749 2912 quo
1766 2878 1835 2912 gin

110 2944 190 2967 cum
215 2944 281 2976 quo
299 2932 349 2967 10.

181 3013 321 3040 Manilius.
351 3014 369 3038 l.
1697 3005 1716 3038 6
