2106 3334
220 134 274 175 28
873 131 986 167 Liber
1011 131 1038 166 Ι.
1089 129 1285 166 828—854.

431 281 472 317 et
502 281 587 317 tam
621 290 753 331 parua
785 275 923 316 forent
956 274 1143 315 accensis
1176 277 1367 327 tempora
1398 271 1593 323 flammis,

430 348 535 388 alter
568 352 688 387 nocte
722 347 811 386 dies
844 349 968 395 esset,
1002 345 1250 398 caelumque
1283 343 1438 384 rediret

359 434 410 459 ,urio
430 418 645 458 inuersum
679 422 720 458 et
751 431 898 458 somno
931 420 1063 457 totum
1096 415 1376 469 deprenderet
1407 414 1564 455 orbem.

432 493 519 529 tum
553 489 652 543 quia
683 503 767 529 non
802 502 885 528 una
917 488 1057 542 specie
1090 486 1347 541 dispergitur
1379 485 1515 526 omnis

430 559 586 600 aridior
617 563 754 599 terrae
788 573 921 613 uapor
953 562 994 598 et
1026 557 1342 612 compremlitur
1373 556 1475 610 igni,

430 630 621 671 diuersas
654 644 821 684 quoque
855 643 929 684 per
961 629 1092 669 facies
1124 642 1303 669 accensa
1335 626 1529 667 feruntur

430 701 605 752 lumina,
638 715 746 755 quae
779 701 928 741 subitis
961 699 1145 740 existunt
1176 702 1275 739 nata
1307 697 1503 738 tenebris.

359 788 410 814 835
432 786 528 813 nam
562 772 700 823 modo,
734 786 811 813 ceu
842 772 957 825 longi
990 771 1155 811 fluitent
1187 769 1237 810 de
1273 769 1429 810 uertice
1461 767 1612 818 crines,

430 844 603 884 flamma
635 857 777 884 comas
808 843 972 883 imitata
1006 843 1132 893 uolat,
1165 841 1388 894 tenuisque
1422 839 1595 893 capillos

431 915 605 956 diffusos
636 915 765 956 radiis
799 915 1044 955 ardentibus
1076 913 1257 967 explicat
1288 912 1409 967 ignis.

431 1000 542 1027 nunc
575 986 690 1040 prior
722 986 826 1027 haec
859 986 1019 1040 species
1052 984 1253 1039 dispersis
1285 983 1472 1024 crinibus
1505 982 1602 1033 exit,

432 1061 473 1098 et
505 1058 671 1112 glomus
704 1058 889 1098 ardentis
922 1056 1112 1111 sequitur
1144 1056 1222 1096 sub
1254 1054 1440 1109 imagine
1473 1053 1629 1094 barbae

361 1143 412 1169 845
432 1129 543 1169 hirta
574 1128 797 1182 figurantis
830 1128 1009 1169 tremulo
1043 1126 1120 1168 sub
1153 1129 1324 1181 pectore
1357 1127 1512 1165 menta.

361 1215 412 1240 840
432 1200 643 1240 interdum
676 1199 843 1254 aequali
874 1199 1055 1240 laterum
1088 1197 1339 1252 compagine
1373 1196 1523 1237 ductus

432 1272 737 1326 quadratamue
770 1272 934 1312 trabem
964 1270 1087 1324 fingit
1118 1272 1350 1310 teretemue
1383 1267 1637 1308 columnam.

432 1342 532 1396 quin
565 1343 692 1383 etiam
725 1342 896 1382 tumidis
929 1344 1137 1395 exaequat
1168 1340 1281 1381 dolia
1312 1338 1494 1379 flammis

431 1428 606 1468 precere
639 1413 822 1453 distenta
854 1416 996 1453 uteros
1028 1425 1268 1466 paruosque
1301 1409 1465 1451 catillos

433 1485 634 1525 mentitur
667 1498 820 1525 curuos
853 1484 961 1538 ignis
994 1483 1254 1537 glomeratus
1286 1482 1328 1521 in
1363 1481 1496 1521 orbes.

361 1571 412 1596 84⁴3
432 1555 651 1610 lampadas
684 1560 724 1595 et
755 1555 876 1596 fissas
908 1568 1098 1595 ramosos
1131 1553 1271 1594 fundit
1300 1553 1343 1593 in
1374 1553 1507 1606 ignes.

431 1627 684 1681 praecipites
717 1626 862 1667 stellae
896 1625 1138 1680 passimque
1171 1624 1316 1665 uolare
1351 1623 1561 1673 uidentur,

434 1712 530 1740 cum
564 1712 674 1751 uaga
702 1711 777 1752 per
810 1697 991 1738 nitidum
1024 1696 1254 1737 scintillant
1286 1695 1448 1735 lumina
1481 1693 1685 1734 mundum

434 1774 474 1810 et
508 1774 676 1810 tenuem
707 1769 847 1823 longis
879 1768 1117 1809 iaculantur
1150 1766 1335 1807 crinibus
1368 1766 1531 1820 ignem3

363 1857 414 1882 850
435 1844 748 1894 excurruntque
781 1840 927 1894 procul
961 1838 1144 1880 uolucris
1177 1838 1342 1878 imitata
1374 1837 1562 1891 sagittas,

434 1913 553 1953 arida
586 1926 682 1952 cum
715 1911 862 1965 gracili
895 1914 1093 1951 tenuatur
1125 1910 1276 1950 semita
1306 1909 1390 1950 filo.

434 1987 531 2024 sunt
565 1987 705 2023 autem
739 1982 900 2022 cunctis
934 1981 1129 2036 permixti
1162 1981 1352 2035 partibus
1383 1980 1516 2033 ignes,

435 2055 504 2109 qui
538 2054 738 2109 grauidas
770 2053 964 2094 habitant
994 2052 1242 2093 fabricantis
1274 2051 1454 2092 fulmina
1485 2050 1620 2090 nubes

435 2130 475 2166 et
505 2129 730 2180 penetrant
763 2129 895 2165 terras
927 2124 1195 2178 Aetnamque
1228 2123 1443 2163 minantur
1474 2121 1654 2175 Olympo

365 2286 432 2318 828
456 2294 578 2327 praua
598 2293 634 2317 m
665 2283 806 2318 accessis
826 2292 864 2317 m
892 2302 933 2306 -—
962 2283 1028 2317 829
1054 2281 1192 2326 diesque
1212 2292 1247 2317 m
1272 2281 1396 2325 reditq.
1420 2291 1457 2315 m
1484 2299 1526 2304 *-
1557 2281 1626 2315 830
1648 2279 1858 2314 immensum
1878 2278 1952 2323 lgc

226 2350 426 2384 inmensum
450 2359 488 2383 m
511 2338 776 2392 deprehenderit
793 2348 803 2382 l
827 2347 1098 2391 deprehenderet
1114 2357 1149 2381 m
1169 2347 1396 2390 deprenderet
1410 2356 1457 2389 gc
1478 2365 1519 2368 —
1538 2345 1601 2380 831
1622 2347 1704 2379 tunc
1718 2354 1739 2379 o
1759 2363 1799 2367 —
1813 2345 1880 2380 832
1896 2355 1952 2379 ar-

224 2414 335 2449 ridior
346 2424 381 2448 in
403 2416 583 2457 terraeque
594 2413 630 2448 lc
650 2416 762 2447 terrae
775 2423 837 2458 gin
857 2411 1217 2462 comprehenditurlm
1236 2411 1502 2455 comprenditur
1513 2421 1559 2455 gc
1572 2430 1613 2433 —
1626 2411 1693 2445 833
1706 2409 1814 2444 deest
1823 2409 1861 2444 in
1874 2419 1898 2453 g
1910 2428 1950 2432 —

225 2480 292 2514 835
310 2473 346 2512 rii
361 2489 385 2523 g
402 2490 462 2513 seu
483 2488 517 2512 m
535 2490 593 2513 ceu
607 2489 634 2511 ω
652 2498 691 2501 -
708 2479 774 2513 836
795 2478 971 2521 tenuisque
986 2486 1006 2511 o
1029 2456 1164 2520 capilli}
1177 2477 1188 2511 l
1199 2488 1217 2512 c
1240 2477 1379 2520 capillos
1396 2486 1432 2510 m
1451 2476 1596 2520 capillus
1614 2486 1637 2520 g
1656 2498 1700 2500 —
1719 2476 1786 2510 837
1806 2474 1898 2519 tynis
1914 2484 1950 2508 m

226 2545 320 2588 ignes
334 2554 360 2576 ω
376 2563 418 2567 —-
434 2545 501 2579 838
515 2543 640 2586 speeies
654 2554 678 2587 g
695 2543 803 2587 facies
817 2553 843 2575 ω
860 2562 899 2565 -
917 2544 983 2577 839
999 2542 1115 2586 ,ᾳῖοἷηιε
1129 2552 1150 2576 o
1167 2561 1209 2565 —
1225 2544 1289 2577 841
1306 2541 1586 2586 quadratamque
1600 2550 1624 2584 g
1643 2542 1850 2583 teretemque
1863 2549 1888 2583 g
1908 2558 1951 2562 —

226 2609 292 2643 842
332 2608 466 2644 timidis
486 2618 520 2642 m
561 2628 603 2631 —
643 2609 710 2643 843
738 2599 878 2651 procel-‘e
896 2608 908 2642 l
934 2594 1080 2652 procerit}
1098 2618 1117 2643 c
1143 2618 1285 2651 precere
1302 2618 1326 2651 g
1351 2618 1496 2650 procero
1514 2616 1550 2640 m
1583 2605 1725 2650 uteros]
1750 2607 1866 2639 uteros
1883 2614 1952 2647 gni

228 2679 322 2709 utero
347 2684 365 2708 c
388 2676 574 2718 partosque
597 2674 670 2716 lgc
690 2676 848 2717 partasq.
869 2683 905 2708 m
936 2674 1079 2717 capellos
1102 2673 1143 2708 lc
1168 2672 1308 2716 capillos
1332 2682 1355 2716 g
1380 2672 1527 2715 capellas
1551 2681 1587 2705 m
1611 2689 1652 2694 ——
1674 2672 1742 2706 844
1766 2650 1894 2715 par-ili}
1911 2670 1952 2706 lc

220 2739 348 2782 paruis
366 2749 389 2782 g
409 2750 544 2782 paruos
562 2748 597 2772 ln
623 2738 730 2782 siquis
749 2747 769 2772 o
790 2738 1004 2781 glomeratus
1022 2748 1046 2782 g
1065 2739 1278 2782 qlomeratur
1295 2737 1354 2772 lm
1376 2759 1421 2762 —-
1443 2738 1509 2771 345
1529 2736 1675 2771 tremido
1692 2736 1754 2770 sub
1772 2736 1896 2771 limine
1914 2746 1951 2770 ιιι

226 2814 359 2838 menses
377 2813 398 2838 o
424 2823 465 2826 —
491 2805 557 2837 84ss
585 2803 750 2845 lcuupada
767 2807 798 2836 et
816 2813 852 2837 m
879 2803 970 2847 ignes
988 2813 1008 2837 o
1034 2823 1074 2826 —
1100 2805 1166 2838 847
1189 2802 1387 2846 passimque
1404 2802 1521 2836 'notare
1540 2810 1560 2835 o
1588 2820 1630 2824 -
1656 2803 1723 2836 843
1740 2800 1894 2835 nitidum
1912 2800 1952 2844 lg

226 2868 397 2903 mundum
416 2878 450 2902 ln
470 2868 630 2912 liquidun
649 2878 668 2901 c
688 2886 728 2890 ——
749 2869 817 2901 850
833 2870 994 2902 emur-unt
1009 2878 1062 2912 go
1080 2868 1177 2903 uiam
1198 2878 1232 2902 in
1245 2867 1372 2910 procul
1388 2877 1414 2899 ω
1431 2866 1581 2901 uolueris
1594 2865 1653 2900 lm
1670 2865 1826 2900 uolucres
1840 2874 1891 2909 gc
1906 2884 1951 2888 -

228 2932 294 2967 852
326 2932 442 2967 cuncti
464 2943 500 2967 m
530 2932 700 2976 permixti
723 2932 736 2966 l
769 2951 811 2955 -
844 2933 911 2967 853
932 2933 1148 2975 fabricantes
1172 2942 1192 2968 o
1222 2933 1323 2967 nubis
1349 2932 1405 2966 lm
1436 2931 1504 2974 (L.)
1540 2931 1647 2965 nubes
1676 2940 1774 2974 gom
1803 2929 1874 2972 (E.)
1908 2949 1950 2953 —

227 2999 295 3032 854
319 2997 526 3042 ethnamque
547 2996 588 3040 lg
613 2997 842 3040 aethnanique
861 3006 908 3031 m.
