2106 3334
752 134 860 171 Liber
888 134 928 170 ΙΙ.
979 139 1176 171 490-519.
1767 139 1819 179 40

240 282 292 308 490
312 266 525 321 Europam
558 267 682 308 dorso
715 267 966 308 retinentem
999 282 1157 308 cornua
1190 268 1313 308 laena

305 337 560 391 indutusque
593 338 737 379 louist.
800 339 1066 391 geminorum
1096 339 1263 378 ducitur
1294 339 1407 379 auris

310 408 363 448 ad
394 409 593 448 iuuenem
627 413 821 449 aeternas
853 409 1099 449 fundentem
1134 409 1316 462 piscibus
1350 409 1484 449 undas

308 479 435 533 inque
467 480 579 533 ipsos
611 481 776 521 animus
808 481 945 534 pisces
978 480 1173 534 oculique
1205 480 1383 521 leonem.

309 563 462 590 cancer
493 554 534 591 et
565 551 743 591 aduerso
777 551 1048 604 capricornus
1081 551 1275 592 conditus
1308 556 1418 592 astro

237 634 288 659 495
308 620 350 660 in
384 624 517 661 semet
548 625 718 662 uertunt
750 621 905 673 oculos,
939 623 981 661 in
1014 626 1160 661 mutua
1192 622 1370 662 tendunt

308 692 495 742 auribus,
529 696 570 732 et
602 693 743 733 cancri
775 696 968 746 captatur
1000 692 1199 746 aquarius
1232 698 1356 733 astro.

308 767 348 802 at
382 763 446 803 leo
479 777 575 803 cum
607 763 786 817 geminis
820 764 954 803 aciem
986 763 1204 816 coniungit
1237 767 1277 803 et
1309 777 1454 803 aurem

307 837 508 874 centauro
540 834 725 888 gemino,
759 833 993 887 capricorni
1027 833 1163 888 diligit
1195 837 1366 874 astrum.

305 903 489 957 Erigone
522 907 690 944 taurum
724 908 898 958 spectat,
932 904 1005 944 sed
1038 904 1232 958 scorpion
1265 904 1385 945 audit

234 988 286 1013 500
305 977 432 1028 atque
464 974 700 1028 sagittifero
734 978 910 1015 conatur
940 978 1111 1015 nectere
1143 975 1349 1015 fraudem.

302 1044 411 1085 libra
443 1059 539 1086 suos
572 1032 762 1099 sequitur
793 1059 942 1086 sensus
975 1046 1196 1100 solumque
1229 1045 1413 1086 uidendo

304 1116 541 1170 lanigerum
576 1120 701 1170 atque
734 1117 875 1157 animo
909 1117 1129 1171 complexa
1161 1121 1224 1157 est
1255 1117 1449 1171 scorpion
1482 1116 1604 1158 infra.

304 1187 374 1227 1110
407 1187 524 1227 uidet
554 1187 692 1241 pisces
725 1187 896 1242 oditque
928 1202 1003 1242 per
1035 1189 1177 1229 omnia
1207 1188 1372 1229 libram.

303 1272 380 1298 nec
412 1271 496 1298 non
529 1258 766 1299 arcitenens
800 1273 955 1313 magno
986 1273 1135 1314 parere
1167 1259 1280 1299 leoni

231 1343 282 1369 505
303 1329 475 1370 auribus
507 1334 633 1383 atque
666 1330 797 1370 oculis
830 1329 969 1370 sinum
1001 1330 1219 1371 fundentis
1252 1330 1400 1384 aquari

305 1400 549 1455 conspicere
582 1400 776 1441 adsueuit
805 1401 1021 1455 solamque
1055 1415 1106 1441 ex
1138 1401 1335 1442 omnibus
1367 1401 1489 1441 astris

303 1470 439 1524 diligit
469 1470 696 1525 Erigonen.
762 1475 908 1512 contra
941 1472 1213 1526 capricornus
1245 1472 1287 1512 in
1321 1472 1458 1526 ipsum

303 1543 513 1583 conuertit
543 1543 660 1583 uisus
692 1567 746 1570 —
781 1544 881 1597 quid
914 1543 1027 1583 0111111
1059 1543 1283 1584 mirabitur
1314 1543 1384 1583 ille

303 1613 452 1665 maius,
487 1613 528 1653 in
561 1613 743 1668 Augusti
777 1614 879 1654 felix
912 1628 1007 1654 cum
1040 1614 1206 1654 fulserit
1238 1613 1403 1654 ortum?
1439 1637 1487 1641 —-

231 1698 283 1723 510
302 1684 474 1725 auribus
507 1688 548 1725 et
580 1685 734 1725 summi
766 1689 909 1739 captat
940 1685 1110 1739 fastigia
1143 1685 1295 1725 cancri.

302 1759 345 1795 at
376 1755 514 1796 nudus
545 1755 726 1809 geminis
758 1756 939 1796 intendit
971 1756 1170 1810 aquarius
1204 1770 1350 1796 aurem

301 1827 610 1881 sublimemque
643 1827 742 1867 colit
775 1841 976 1868 cancrum
1010 1830 1256 1881 spectatque
1289 1826 1464 1868 reducta

301 1897 385 1937 tela
418 1897 654 1951 sagittiferi.
720 1898 855 1953 pisces
887 1898 940 1939 ad
973 1898 1167 1953 scorpion
1202 1912 1343 1938 acrem

300 1968 492 2009 direxere
526 1969 660 2010 aciem
693 1970 953 2024 cupiuntque
988 1969 1206 2010 attendere
1240 1974 1420 2010 taurum.

229 2054 280 2079 515
300 2039 376 2080 has
408 2044 560 2081 natura
592 2041 708 2081 uices
741 2041 900 2091 tribuit,
935 2055 1065 2095 quum
1098 2041 1237 2081 sidera
1268 2040 1370 2081 fixit.

300 2111 363 2151 his
395 2112 474 2151 orti
507 2111 656 2152 similis
689 2112 879 2152 referunt
910 2126 986 2166 per
1017 2115 1165 2152 mutua
1197 2126 1357 2162 sensus,

299 2182 446 2222 audire
478 2186 524 2223 ut
556 2183 729 2237 cupiant
761 2183 866 2224 alios
899 2183 1089 2238 aliosque
1123 2183 1283 2235 uidere,

299 2252 451 2294 horum
483 2253 592 2303 odio,
627 2268 739 2295 nunc
772 2254 922 2295 horum
954 2254 1067 2295 idem
1100 2254 1308 2295 ducantur
1341 2267 1497 2299 amore,

298 2323 380 2364 illis
412 2325 586 2366 insidias
619 2325 806 2377 tendant,
841 2329 1062 2380 captentur
1093 2326 1146 2366 ab
1178 2325 1273 2366 illis.

229 2413 294 2447 491
336 2401 581 2456 Indutusqueb
608 2408 849 2457 geminorwffl
871 2412 983 2448 Iouil
1008 2417 1056 2448 est
1075 2421 1147 2447 om.
1167 2423 1187 2447 o
1213 2407 1344 2449 aurtsl
1374 2413 1477 2448 auris
1500 2421 1570 2457 gm
1601 2422 1707 2447 aures
1729 2422 1748 2446 0
1774 2431 1816 2435 —

88 2477 155 2511 493
181 2477 356 2512 animusl
383 2476 519 2519 (Vrat.)
551 2478 714 2512 animum
732 2488 759 2510 ω
793 2497 834 2501 -
862 2479 930 2512 494
955 2477 1147 2513 conditori
1172 2477 1335 2513 conditur
1352 2487 1405 2522 gc
1428 2477 1567 2512 condito
1585 2478 1699 2512 rastro
1718 2486 1754 2511 m
1774 2497 1816 2501 —

88 2543 155 2577 495
183 2537 340 2577 ingemet
366 2536 548 2577 uertiturl
579 2543 620 2577 in
639 2545 746 2577 semet
766 2542 920 2577 uertitur
944 2552 980 2577 m
1012 2542 1051 2577 in
1073 2546 1181 2577 semet
1205 2544 1355 2576 uertunt
1376 2551 1401 2585 g
1431 2542 1584 2577 uertitur
1605 2541 1647 2576 ‘bn
1668 2545 1773 2576 semet
1797 2551 1816 2576 0

88 2607 194 2642 oculis
212 2607 299 2642 lcm
324 2607 508 2651 oculusque
535 2617 627 2642 corr.
653 2607 692 2642 in
717 2608 893 2651 oculosque
912 2617 936 2651 g
960 2607 1180 2651 immutat-lue
1196 2606 1238 2641 10
1263 2607 1305 2641 in
1330 2608 1431 2641 muta
1449 2617 1486 2642 111
1511 2606 1553 2641 in
1576 2608 1704 2641 mutua
1722 2616 1747 2650 g
1773 2625 1815 2629 —

89 2674 155 2707 496
181 2672 302 2708 cancri
319 2682 355 2707 111
381 2683 507 2708 cancer
525 2684 552 2705 10
572 2692 613 2696 -
635 2674 701 2707 497
727 2673 777 2706 At
794 2671 806 2706 l
830 2671 904 2707 fuit
922 2671 979 2706 Aa
996 2671 1008 2706 1
1033 2672 1129 2707 adleo
1147 2682 1183 2706 m
1203 2691 1246 2695 —
1265 2673 1333 2707 498
1350 2674 1536 2707 centaurus
1555 2681 1575 2706 o
1595 2668 1782 2716 geminoslll
1803 2670 1816 2705 l

84 2736 238 2781 geminos
255 2747 309 2782 gc
329 2737 484 2782 geminos
507 2739 594 2772 etm
623 2738 759 2771 —-502
786 2737 886 2780 infra
911 2746 984 2771 om.
1004 2746 1028 2780 g
1061 2755 1102 2759 -—
1137 2737 1203 2771 503
1233 2736 1337 2771 audit
1355 2746 1376 2771 o
1410 2756 1451 2760 -—
1484 2737 1550 2771 507
1582 2735 1753 2780 eriqonem
1774 2734 1817 2770 10

88 2802 222 2847 eriyone
241 2812 262 2847 g
295 2802 460 2847 erigonen
479 2812 515 2836 m
544 2822 585 2825 —
613 2802 680 2837 509
708 2801 819 2846 nzayis
836 2811 855 2836 c
891 2801 1069 2846 Anyustil
1097 2821 1137 2824 —
1165 2803 1230 2836 511
1265 2792 1323 2835 Aa
1345 2800 1358 2836 1
1388 2801 1553 2836 adundus
1570 2810 1608 2836 m
1638 2798 1781 2845 aursslm
1803 2800 1817 2834 l

87 2878 220 2902 awrum
240 2877 276 2902 m
293 2879 416 2903 arerem
434 2877 487 2912 gc
512 2886 554 2890 —
576 2868 642 2902 513
659 2878 780 2902 arrem
797 2876 834 2901 m
853 2885 898 2889 ψ
916 2868 984 2901 514
1001 2857 1187 2901 amendere
1204 2866 1218 2901 l
1234 2866 1420 2901 adtendere
1437 2876 1475 2901 m
1496 2885 1538 2888 —
1560 2865 1627 2900 516
1644 2865 1777 2900 similes
1794 2874 1815 2899 o

87 2942 210 2967 census
233 2942 254 2967 0
286 2952 329 2956 —
362 2933 429 2967 517
463 2921 563 2975 alifis
588 2932 601 2966 1
631 2932 723 2967 alius
746 2941 783 2966 m
816 2931 903 2966 alios
927 2941 980 2975 gc
1013 2950 1054 2953 —
1089 2932 1156 2966 518
1189 2930 1368 2966 ducuntur
1390 2930 1477 2965 10111
1515 2930 1690 2965 ducantur
1714 2940 1738 2974 g
1771 2948 1814 2953 —-

90 2997 155 3031 519
180 2991 370 3040 captentur
388 2997 399 3031 l
425 2999 618 3041 captantur
636 3008 654 3031 0
680 2999 865 3040 captentur
884 3006 964 3038 gni.

160 3074 297 3097 Manilius.
330 3074 346 3097 1.
404 3062 407 3066 '
1673 3062 1694 3094 4
