2106 3334
767 134 880 171 Liber
904 135 931 170 Ι.
981 134 1176 170 855-885.
1777 133 1831 174 29

255 298 307 324 855
327 285 368 323 et
399 280 555 322 calidas
587 279 770 320 reddunt
800 278 903 333 ipsis
934 278 978 319 in
1010 277 1196 318 fontibus
1228 275 1364 316 undas

327 367 374 394 ac
407 352 521 393 silice
552 351 596 391 in
629 350 733 391 dura
766 349 974 403 uiridique
1006 348 1047 389 in
1082 347 1236 389 cortice
1269 346 1411 388 sedem

325 422 560 475 inueniunt,
595 435 687 461 cum
721 420 828 461 silua
860 420 939 461 sibi
971 419 1115 460 collisa
1147 421 1377 459 crematur:

326 494 495 548 ignibus
527 506 659 546 usque
692 492 797 533 adeo
830 495 983 532 natura
1014 494 1077 531 est
1109 490 1245 531 onmis
1277 488 1510 529 abundans.

325 579 378 606 ne
409 564 563 604 mirere
596 563 710 603 faces
743 562 902 603 subitas
935 574 1157 615 erumpere
1191 560 1306 600 caelo

255 652 306 676 sco
328 648 509 689 aeraque
542 647 767 674 accensum
800 632 982 673 flammis
1014 632 1156 672 lucere
1188 630 1374 671 coruscis

326 706 444 747 arida
476 704 741 759 complexum
775 703 972 757 spirantis
1005 702 1167 743 semina
1198 705 1350 751 terrae,

325 790 433 831 quae
466 776 639 816 uolucer
669 788 848 829 pascens
880 774 990 828 ignis
1022 773 1295 827 sequiturque
1328 771 1534 825 fugitque,

324 848 494 901 fulgura
526 860 621 886 cum
654 845 801 886 uideas
833 844 1062 884 tremulum
1094 843 1307 884 uibrantia
1339 842 1483 882 lumen

324 917 529 958 imbribus
562 931 584 957 e
616 916 766 956 mediis
799 919 840 956 et
872 915 1035 956 caelum
1068 914 1246 954 fulmine
1278 916 1461 967 ruptum.

253 1004 304 1030 865
324 989 414 1030 siue
446 988 575 1041 igitur
606 987 712 1027 ratio
745 986 988 1041 praebentis
1021 985 1183 1026 semina
1214 989 1352 1025 terrae

323 1060 367 1100 in
399 1059 583 1099 uolucris
614 1059 735 1112 ignes
766 1057 904 1112 potuit
934 1070 1140 1110 generare
1173 1060 1378 1104 cometas3

324 1131 414 1171 siue
446 1130 541 1170 illas
574 1133 726 1170 natura
758 1128 871 1169 faces
904 1132 950 1168 ut
982 1131 1134 1168 cuncta
1167 1127 1327 1168 creauit

325 1201 463 1242 sidera
495 1214 570 1255 per
601 1200 740 1241 tenuis
773 1199 890 1241 caelo
924 1199 1108 1240 lucentia
1141 1198 1353 1249 flalnmas3
1387 1221 1442 1224 β

325 1273 398 1314 sed
429 1272 559 1313 trahit
591 1271 643 1312 ad
677 1275 810 1312 semet
839 1270 986 1325 rapido
1021 1269 1214 1310 Titanius
1248 1273 1367 1310 aestu

254 1344 590 1397 s7‹›i11uoluitque
623 1357 698 1383 suo
732 1342 989 1383 flammantis
1022 1342 1120 1396 igne
1152 1344 1352 1393 cometas,

326 1428 373 1456 ac
405 1414 530 1455 modo
563 1413 748 1465 dimittit,
781 1414 889 1453 sicut
922 1411 1137 1467 Cyllenius
1170 1412 1284 1452 orbis

326 1490 366 1526 et
398 1485 558 1535 Venus,
591 1498 768 1525 accenso
803 1498 898 1524 cuni
932 1483 1047 1524 (lucit
1080 1497 1256 1537 uespere
1288 1486 1469 1534 noctem,

326 1571 451 1611 saepe
483 1556 619 1596 nitent
650 1556 887 1609 falluntque
920 1555 1062 1595 oculos
1095 1568 1326 1608 rursusque
1358 1554 1569 1603 reuisunt3
1604 1576 1657 1580 —

327 1642 400 1668 seu
434 1628 536 1668 deus
569 1627 764 1667 instantis
797 1626 872 1666 fati
905 1626 1129 1666 miseratus
1162 1626 1204 1665 in
1238 1626 1381 1665 orbem

255 1714 306 1740 875
326 1699 447 1753 signa
477 1712 551 1752 per
583 1698 758 1738 affectus
791 1697 982 1750 caelique
1015 1696 1211 1736 incendia
1243 1697 1388 1745 inittit3

323 1769 532 1810 futtilibus
564 1783 648 1809 uon
682 1782 884 1822 umquam
917 1767 1142 1808 excanduit
1173 1767 1341 1821 ignibus
1375 1766 1539 1806 aether:

326 1840 603 1895 squalidaque
636 1839 740 1880 elusi
775 1839 997 1893 deplorant
1030 1852 1132 1878 arua
1166 1838 1317 1889 coloni,

326 1917 366 1952 et
398 1911 551 1952 sterilis
584 1911 693 1951 inter
725 1910 862 1950 sulcos
895 1910 1087 1950 defessus
1120 1913 1259 1950 arator

327 1983 379 2024 ad
410 1983 511 2036 iuga
543 1981 770 2022 maerentis
804 1982 915 2034 cogit
946 1981 1149 2021 frustrata
1182 1981 1395 2021 iuuencos.

255 2069 306 2096 sso
327 2057 398 2094 aut
430 2054 631 2108 grauibus
664 2053 822 2093 morbis
855 2056 896 2092 et
927 2053 1041 2092 lenta
1073 2066 1251 2106 corpora
1284 2052 1380 2092 tabe

327 2124 499 2179 corripit
531 2124 688 2165 exustis
720 2124 856 2164 letalis
888 2123 1059 2164 flamma
1093 2123 1287 2163 medullis

327 2196 592 2249 labentisque
625 2195 736 2249 rapit
766 2195 958 2249 populos,
991 2198 1184 2248 totasque
1215 2208 1291 2248 per
1324 2194 1449 2234 urbes

327 2267 499 2322 publica
532 2266 745 2307 succensis
777 2269 1039 2320 peraguntur
1071 2265 1156 2305 fata
1191 2264 1409 2319 sepulcris.

328 2336 465 2392 qualis
497 2337 757 2378 Erechtheos
789 2337 919 2391 pestis
951 2336 1153 2390 populata
1184 2336 1355 2376 colonos

258 2424 309 2451 885
329 2409 477 2449 extulit
509 2408 704 2462 antiquas
736 2422 811 2462 per
841 2407 992 2448 funera
1026 2408 1141 2462 pacis
1173 2406 1378 2458 Athenas,

260 2604 327 2638 855
340 2602 433 2647 ipsas
445 2612 481 2636 in
498 2621 538 2625 -
554 2603 621 2637 8:3ss
637 2601 727 2636 (lura
739 2611 759 2635 o
776 2620 817 2624 -—
833 2602 899 2636 859
914 2612 960 2635 uc
971 2611 990 2635 o
1004 2601 1119 2636 subita
1132 2612 1166 2635 se
1180 2611 1391 2644 rumperem
1412 2619 1455 2623 —
1475 2602 1543 2635 860
1556 2599 1730 2634 cheruscis
1742 2610 1777 2633 in
1799 2618 1843 2623 —

120 2670 182 2703 861
210 2668 413 2712 conplexum
432 2677 467 2701 m
494 2687 535 2690 -
555 2669 622 2702 863
640 2656 710 2701 {rel
734 2678 775 2700 ve
790 2677 813 2709 g
836 2677 913 2700 cum
929 2676 993 2700 cm
1020 2685 1061 2689 -—
1081 2668 1147 2700 864
1171 2665 1374 2700 etmediiso
1394 2684 1433 2687 —
1455 2666 1522 2699 865
1542 2664 1729 2708 ,on-euantis
1744 2674 1778 2698 ln
1802 2683 1841 2686 —

121 2736 186 2768 866
196 2734 313 2776 posuit
324 2743 345 2767 o
362 2732 454 2777 iqnis
466 2742 501 2766 ιιι
519 2731 676 2766 uolucres
687 2742 706 2765 o
721 2742 914 2775 -qcnerarac
928 2740 979 2773 gc
990 2750 1029 2753 -
1041 2732 1106 2765 867
1121 2731 1160 2765 ob
1177 2733 1303 2765 cuncta
1319 2740 1338 2765 o
1355 2730 1462 2770 facies
1477 2740 1493 2763 c
1506 2749 1547 2752 —-
1559 2731 1627 2764 868
1642 2734 1757 2763 tenues
1767 2739 1788 2764 ο
1802 2748 1842 2751 -—

121 2800 186 2832 869
212 2798 269 2832 sed
287 2807 307 2832 0
328 2816 369 2820 -—
389 2798 457 2831 870
470 2796 658 2840 flaffiarztis
677 2806 711 2830 ln
732 2818 776 2821 —-
795 2796 861 2830 873
886 2806 1061 2839 rzwsumq.
1082 2806 1106 2839 g
1128 2815 1171 2818 —o
1193 2797 1260 2830 874
1285 2795 1474 2830 miseratus
1491 2805 1515 2837 g
1542 2794 1735 2828 miseratur
1753 2805 1779 2826 ω
1801 2813 1841 2816 ψ

121 2864 187 2898 876
199 2862 384 2906 furtilibus
404 2871 437 2896 ιι]
456 2861 683 2914 εωσαηάτιίΐᾳ
706 2860 796 2904 iyuis
810 2870 846 2895 m
866 2878 907 2883 ——
927 2862 992 2895 877
1012 2860 1113 2905 effusi
1127 2870 1147 2895 o
1169 2883 1211 2886 —
1227 2861 1294 2895 878
1311 2860 1443 2894 sterilis
1457 2870 1478 2894 o
1498 2878 1539 2881 —
1562 2861 1628 2893 873
1647 2855 1813 2893 meo-eutis
1832 2858 1843 2892 l

120 2927 286 2962 merentis
303 2937 373 2971 gm
389 2926 548 2961 immutes
565 2936 602 2960 ni
622 2944 664 2977 —·
684 2926 750 2960 882
769 2921 971 2969 ῑαόεφιύἵεᾳᾸ
991 2925 1169 2969 labcoztesq.
1190 2935 1209 2960 c
1229 2925 1439 2968 labentisque
1454 2934 1523 2968 gin
1539 2943 1581 2948 -
1600 2925 1668 2958 883
1685 2924 1837 2959 succensi

120 2998 296 3042 sepulchri
313 3007 337 3041 g
366 3017 403 3021 -—
433 2999 499 3032 384
526 2980 714 3047 erdcffgc'osl
741 2997 881 3031 crieteos
899 3006 922 3040 g
946 2996 1147 3031 erictonicos
1165 3007 1183 3031 c
1209 2998 1372 3031 erectecos
1392 3006 1437 3030 ln.
