2065 3334
280 635 502 714 Quattuor
553 656 744 697 codicum
796 655 996 696 lectiones
1043 656 1086 696 in
1135 655 1404 696 adnotatione
1452 656 1596 696 critica
1642 658 1799 698 notaui.

81 729 187 770 Sunt
218 732 359 769 autem
391 727 452 768 hi:

127 825 162 863 1.
197 821 341 862 Codex
386 819 706 861 Gemblacensis
739 819 821 873 (g),
866 820 1113 860 monasterii
1159 819 1259 860 olim
1306 818 1639 872 Gemfflacensis,
1688 836 1799 862 nunc

194 891 484 933 Bruxellensis
518 890 798 931 bibliothecae
825 891 968 944 regiae
1001 890 1094 942 (Nr.
1124 889 1304 942 10012),
1337 890 1529 943 membr„
1553 891 1715 932 formae
1739 891 1799 943 80,

193 962 250 1004 IC
274 962 451 1013 schedis,
475 962 642 1002 saeculo
676 965 720 1001 ut
745 961 911 1001 uidetur
931 961 996 1001 XI
1020 962 1291 1015 perscriptus.
1326 961 1392 1001 De
1422 962 1498 1002 hoc
1522 961 1642 1012 libro,
1674 977 1800 1016 quem

195 1034 258 1074 bis
291 1033 380 1088 ipse
413 1032 547 1085 (1853
581 1037 621 1072 et
657 1032 788 1084 1892)
831 1033 1000 1083 contuli,
1045 1032 1131 1085 egit
1169 1036 1496 1086 accuratamque
1531 1033 1798 1074 collationem

193 1104 428 1159 publicauit
441 1103 488 1144 P.
505 1103 710 1144 Thomas:
729 1101 1056 1144 ‘lucubrationes
1071 1103 1339 1143 Manilianae.
1356 1103 1532 1157 Scripsit
1546 1103 1795 1144 P.Thomas.

195 1174 335 1216 Grandi
372 1173 509 1215 1888?

126 1259 163 1299 2.
199 1258 331 1300 codex
369 1257 604 1312 Lipsiensis
637 1256 690 1310 (l)
741 1256 813 1298 Nr.
850 1258 959 1298 1465
993 1257 1093 1298 bibl.
1137 1256 1357 1308 Paulinae,
1399 1258 1592 1309 membr„
1635 1259 1798 1299 formae

193 1331 218 1370 4
251 1329 365 1380 mai.⁷
396 1329 465 1370 uel
497 1330 536 1370 2.
568 1329 683 1380 min,
716 1329 937 1369 continens
978 1329 1080 1369 folia
1113 1329 1182 1369 96.
1240 1328 1400 1369 Versus
1434 1328 1572 1369 uiceni
1610 1330 1718 1369 terni
1756 1330 1799 1369 111

193 1401 344 1454 quauis
374 1400 531 1454 pagina
569 1400 711 1453 scripti
745 1403 853 1440 suut.
906 1399 1203 1453 Antiquiorem
1236 1413 1331 1439 eum
1366 1414 1457 1440 esse
1492 1398 1675 1452 Cusauo,
1716 1414 1799 1440 non

193 1471 343 1512 cedere
377 1474 513 1511 aetate
546 1470 845 1511 Gemblacensi
876 1470 978 1510 mihi
1010 1470 1182 1524 quidem
1213 1471 1417 1524 persuasi.
1483 1469 1670 1511 Contulit
1703 1485 1798 1511 eum

194 1541 348 1582 librum
393 1541 510 1594 (uide
556 1541 908 1596 subscriptionem
942 1542 985 1582 in
1026 1541 1109 1582 fine
1147 1541 1245 1582 libri
1277 1540 1334 1593 V)
1376 1539 1432 1582 ein
1471 1542 1651 1595 gratiam
1690 1528 1797 1582 cele-

192 1613 365 1654 berrimi
398 1613 489 1653 Viri
520 1612 693 1653 Ricardi
716 1611 884 1653 Bentlei
906 1612 1094 1666 parantis
1123 1612 1319 1652 omnibus
1343 1613 1529 1653 numeris
1562 1612 1798 1653 absolutam

192 1683 316 1724 huius
356 1687 506 1738 poetae
548 1683 776 1723 editionem
818 1683 956 1723 Ioach.
1009 1683 1122 1723 Frid.
1172 1682 1364 1723 Fellerus
1406 1684 1469 1723 Ao
1513 1681 1796 1724 MDCXCIII'

192 1754 304 1795 socio
347 1754 543 1795 adiuncto
587 1752 817 1794 Gotefredo
856 1753 1057 1794 Richtero
1101 1752 1219 1805 (uide
1258 1753 1565 1807 praefationem
1603 1753 1798 1794 editionis

192 1824 503 1878 Bentleianae),
534 1839 661 1879 quam
691 1825 959 1866 collationem
984 1824 1361 1871 Vratislauiensem
1391 1823 1550 1877 (Vrat.)
1575 1821 1797 1877 uocant*):

190 1896 280 1951 ipse
312 1896 467 1937 librum
500 1896 658 1937 contuli
692 1911 728 1936 a.
768 1897 890 1937 1892.

125 1978 162 2019 3.
197 1979 329 2020 codex
361 1977 554 2019 Cusanus
587 1977 663 2031 (c),
706 1979 951 2020 monasterii
999 1979 1097 2019 011111
1142 1977 1313 2030 Cusani,
1364 1993 1474 2019 nunc
1517 1979 1797 2020 bibliothecae

190 2050 333 2104 regiae
355 2049 643 2091 Bruxellensis
667 2049 760 2103 (Nr.
785 2049 965 2102 10699),
990 2050 1182 2102 membr.‚
1211 2051 1374 2091 formae
1399 2052 1422 2090 2
1447 2051 1546 2091 min.
1599 2048 1798 2090 Continet

195 2122 244 2161 17
284 2120 400 2172 folia,
448 2121 764 2162 characteribus
802 2121 975 2162 minutis
1020 2121 1214 2176 binisque
1260 2121 1480 2171 columnis,
1526 2120 1796 2175 septuagenis

192 2191 234 2231 in
278 2191 453 2246 singulis
498 2192 705 2233 columnis
749 2193 956 2244 uersibus,
996 2192 1164 2233 saeculo
1203 2196 1249 2232 ut
1287 2192 1456 2232 uidetur
1491 2190 1580 2231 XII
1618 2195 1796 2231 exeunte

191 2262 383 2316 scriptus.
433 2261 605 2304 Contuli
637 2263 748 2304 hunc
780 2263 934 2304 librum
968 2277 1004 2303 a.
1043 2263 1167 2304 1853.

122 2345 162 2385 4.
195 2344 327 2386 codex
362 2344 620 2386 Matritensis
653 2345 748 2398 (m),
789 2346 1036 2386 monasterii
1081 2346 1180 2386 olim
1218 2345 1535 2395 Escorialensis‚
1581 2358 1693 2385 nunc
1731 2344 1794 2384 bi-

190 2416 426 2457 bliothecae
458 2417 614 2457 nation.
649 2416 905 2457 Matritensis
944 2416 986 2457 M
1019 2416 1086 2457 31.
1132 2417 1279 2460 chart..
1324 2416 1486 2456 formae
1515 2414 1580 2466 2⁰,
1627 2415 1794 2456 saeculo

190 2486 295 2527 XIV
327 2487 395 2527 vel
426 2487 509 2528 XV
540 2487 713 2528 ineunte
753 2485 1020 2541 scriptus.**)
1068 2487 1195 2528 Hunc
1227 2487 1383 2527 librum
1414 2487 1543 2540 longa
1581 2486 1794 2527 obliuione

190 2571 384 2612 pressum
416 2556 467 2598 G.
491 2557 644 2599 Loewe
667 2558 824 2598 detexit
846 2562 886 2599 et
909 2562 1105 2599 accurate
1138 2558 1314 2599 contulit
1336 2571 1446 2598 anno
1474 2558 1582 2598 1879
1617 2555 1661 2609 (a
1683 2555 1794 2597 XIII

191 2628 228 2668 d.
262 2628 405 2669 Sextil.
441 2642 573 2683 usque
606 2629 658 2669 ad
692 2627 846 2669 XXIII
880 2628 992 2683 Sept.
1022 2628 1152 2681 1879)
1187 2628 1540 2682 collationemque
1579 2632 1619 2667 et
1651 2628 1794 2668 obser-

191 2699 382 2740 uationes
420 2699 645 2740 nonnullas
685 2699 907 2754 adscripsit
950 2700 1133 2754 margini
1175 2699 1369 2740 editionis
1413 2698 1618 2740 Iacobeae
1651 2698 1792 2750 (codd.

214 2826 247 2869 ⁹⁶)
274 2828 496 2862 asseruatur
520 2827 561 2862 in
589 2826 685 2862 Bibl.
713 2827 803 2872 Reg.
831 2825 998 2871 vratisl.‚
1025 2826 1220 2872 adscripta
1246 2827 1408 2862 editioni
1435 2826 1715 2871 Scaligeranae.

192 2884 246 2928 *ἢ
274 2885 326 2920 Cf.
348 2895 420 2920 von
441 2885 589 2921 Hartel:
617 2885 972 2930 Sitzungsberiehte
997 2885 1065 2921 der
1087 2885 1220 2931 philol.
1244 2885 1378 2921 histor.
1398 2885 1534 2921 Klasse
1558 2885 1626 2920 der
1650 2884 1792 2920 kaiser-

74 2943 202 2979 lichen
227 2943 440 2980 Akademie
466 2943 502 2979 d.
529 2944 583 2980 W.
612 2946 679 2980 113
697 2944 763 2980 Bd.
791 2944 899 2980 Wien
916 2946 1018 2989 1886,
1045 2954 1130 2990 pag.
1148 2945 1265 2981 215ff.
