2106 3334
212 157 266 197 30
570 159 573 162 ’
864 153 977 190 Liber
1004 154 1027 189 [.
1078 155 1274 189 886-917,

423 298 529 339 alter
560 297 601 338 in
635 297 809 338 alterius
839 297 987 337 labens
1019 310 1115 337 cum
1148 297 1237 337 fata
1268 297 1459 338 ruebant.

422 383 500 410 nec
531 369 649 409 loeus
681 368 783 408 artis
816 372 907 408 erat
938 367 1129 408 medicae
1162 382 1239 408 nec
1272 372 1372 409 uota
1404 369 1624 419 ualebant3

422 443 606 481 cesserat
638 438 825 480 officium
858 439 1031 490 morbis,
1065 443 1105 479 et
1137 439 1289 480 funera
1321 439 1496 480 deerant

423 512 629 552 mortibus
662 513 702 550 et
733 510 952 561 lacrimae3
985 510 1122 550 lassus
1155 510 1369 551 defecerat
1400 510 1522 564 ignis,

352 598 404 623 890
424 586 465 623 et
497 581 758 622 coaceruatis
791 581 997 621 ardebant
1030 595 1207 636 corpora
1239 581 1454 634 membris,

423 667 471 693 ac
504 655 620 693 tanto
654 651 869 706 quondam
900 652 1057 706 populo
1091 652 1162 692 uix
1194 652 1371 705 contigit
1402 652 1538 693 heres.

423 724 524 764 talia
556 724 797 778 significant
828 723 1017 764 lucentes
1051 737 1177 778 saepe
1211 728 1418 765 cometae:

422 795 574 836 funera
605 809 701 836 cum
733 795 898 836 facibus
930 795 1108 835 ueniunt
1139 796 1346 850 terrisque
1378 796 1596 836 minantur

423 866 610 907 ardentis
643 867 732 907 sine
764 866 848 906 fine
880 880 1019 920 rogos,
1055 880 1149 906 cum
1182 867 1365 907 mundus
1399 871 1439 907 et
1471 867 1563 921 ipsa

349 954 401 980 895
422 942 612 992 aegrotet
642 941 795 978 natura
827 951 988 978 nouum
1021 937 1169 978 sortita
1202 938 1454 992 sepulcrum.

424 1009 525 1064 quin
559 1013 600 1050 et
631 1009 742 1049 bella
775 1013 932 1049 canunt
964 1009 1083 1061 ignes
1116 1009 1361 1062 subitosque
1394 1009 1598 1049 tumultus

423 1085 465 1122 et
496 1080 769 1121 clandestinis
802 1081 1019 1134 surgentia
1051 1080 1273 1121 fraudibus
1309 1095 1447 1130 arma3

424 1156 619 1193 externas
652 1151 777 1192 modo
812 1165 886 1205 per
917 1155 1078 1205 gentes,
1114 1175 1167 1179 —
1201 1155 1247 1191 ut
1279 1151 1451 1192 foedere
1483 1155 1606 1206 rupto

425 1238 521 1264 cum
554 1223 645 1263 fera
677 1223 895 1263 ductorem
928 1223 1069 1277 rapuit
1101 1221 1332 1263 Germania
1365 1222 1525 1262 Varum

353 1311 404 1336 000
423 1295 655 1348 infecitque
687 1294 813 1334 trium
845 1294 1060 1347 legionum
1095 1294 1302 1348 sanguine
1336 1307 1520 1347 campos,

424 1370 620 1407 arserunt
650 1369 736 1405 toto
770 1365 927 1420 passim
960 1365 1200 1405 minitantia
1232 1365 1389 1405 mundo

422 1438 598 1489 lumina,
633 1440 674 1476 et
705 1436 797 1491 ipsa
828 1436 925 1476 tulit
956 1436 1115 1476 bellum
1148 1440 1301 1476 natura
1332 1450 1408 1490 per
1440 1437 1559 1490 ignes

424 1508 704 1563 opposuitque
737 1522 834 1548 suas
867 1507 978 1547 uires
1011 1507 1225 1561 finemque
1258 1507 1419 1548 minata
1451 1512 1525 1548 est.

425 1594 502 1621 nec
533 1580 687 1620 mirere
720 1579 864 1633 grauis
896 1593 1124 1633 rerumque
1157 1579 1462 1633 hominumque
1494 1579 1657 1620 ruinas:

353 1668 404 1694 905
425 1666 550 1706 saepe
584 1650 697 1691 domi
729 1651 854 1705 culpa
886 1654 967 1701 est3
999 1651 1212 1691 nescimus
1246 1650 1418 1691 credere
1451 1651 1581 1691 caelo.
1617 1674 1670 1678 —

425 1723 562 1764 ciuilis
594 1722 722 1762 etiam
753 1725 892 1762 motus
922 1725 1189 1776 cognataque
1223 1721 1334 1761 bella

424 1794 676 1849 significant.
739 1806 817 1833 nec
848 1793 971 1847 plura
1004 1793 1108 1833 alias
1140 1792 1337 1832 incendia
1369 1792 1552 1833 mundus

426 1865 636 1915 sustinuit,
670 1877 798 1918 quam
830 1877 927 1904 cum
959 1863 1136 1904 ducibus
1169 1863 1307 1903 iurata
1339 1864 1524 1904 cruentis

425 1950 545 1978 arma
576 1934 822 1989 Philippeos
853 1935 1085 1989 implerunt
1116 1935 1285 1988 agmine
1318 1949 1504 1989 campos.

355 2023 407 2049 910
426 2008 581 2062 uixque
614 2007 742 2047 etiam
774 2007 886 2047 sicca
917 2007 1038 2047 miles
1070 2006 1291 2047 Romanus
1322 2007 1485 2047 harena

427 2094 523 2120 ossa
554 2079 694 2119 uirum
725 2078 972 2132 lacerosque
1003 2078 1120 2132 prius
1154 2077 1414 2132 superastitit
1443 2082 1576 2130 artus,

424 2150 736 2205 imperiumque
768 2150 854 2190 suis
887 2149 1074 2190 conflixit
1104 2148 1267 2190 uiribus
1298 2149 1452 2203 ipsum,

426 2235 586 2276 perque
617 2221 748 2275 patris
779 2224 901 2275 pater
932 2220 1150 2275 Augustus
1183 2221 1364 2274 uestigia
1395 2220 1509 2261 uicit.

426 2293 609 2334 necdum
639 2292 736 2333 finis
768 2295 876 2333 erat:
909 2292 1128 2333 restabant
1159 2291 1283 2332 Actia
1315 2291 1427 2332 bella

357 2379 408 2405 915
428 2364 559 2405 dotali
591 2364 817 2404 commissa
848 2363 951 2415 acie,
985 2363 1248 2418 repetitaque
1280 2377 1423 2403 rerum

429 2435 534 2486 alea,
568 2438 609 2475 et
638 2435 682 2475 in
713 2438 841 2489 ponto
874 2435 1090 2489 quaesitus
1122 2439 1261 2475 rector
1294 2434 1481 2489 Olympi,

428 2506 661 2547 femineum
693 2506 840 2547 sortita
870 2506 1017 2561 iugum
1050 2520 1146 2547 011111
1178 2505 1318 2547 Roma
1348 2505 1562 2560 pependit,

360 2697 426 2730 887
453 2695 528 2730 Hec
544 2695 558 2730 1
582 2695 710 2730 medice
729 2705 766 2729 m
791 2690 883 2730 uotis
900 2695 912 2729 l
931 2718 974 2721 —
993 2696 1062 2730 888
1088 2695 1234 2730 deerant
1250 2704 1271 2729 0
1292 2714 1333 2717 —
1353 2694 1421 2729 890
1437 2679 1650 2729 σοαῖενπαΐεὶθ
1667 2704 1691 2737 g
1713 2693 1870 2728 menbris
1886 2693 1946 2728 lm

218 2760 347 2795 ‘morbis
364 2771 383 2795 c
410 2780 452 2784 —
480 2761 544 2795 891
572 2760 636 2795 nia
659 2759 750 2802 lgm
775 2760 871 2811 heres
894 2770 963 2804 gln
991 2779 1033 2783 —
1061 2761 1129 2795 894
1155 2753 1313 2804 ardentis
1338 2759 1351 2794 l
1382 2759 1539 2794 ardentis
1563 2768 1631 2802 gm
1662 2758 1825 2793 ardentes
1849 2768 1869 2793 c
1901 2777 1944 2781 —

220 2826 286 2860 895
313 2826 467 2860 omnium
492 2835 530 2860 m
560 2836 696 2860 nonum
720 2835 747 2856 ω
775 2843 816 2848 —
845 2826 908 2860 901
937 2825 1158 2860 rnnnitantia
1183 2835 1202 2860 c
1232 2825 1421 2860 imitancia
1447 2834 1484 2858 m
1517 2845 1560 2849 —
1595 2825 1663 2858 904
1693 2835 1739 2858 ne
1763 2833 1800 2857 m
1832 2834 1895 2858 nec
1918 2833 1945 2855 ω

219 2890 414 2934 mirereque
437 2901 474 2925 n]
502 2901 628 2935 graues
651 2899 672 2924 0
700 2909 742 2913 ——
776 2891 843 2924 906
869 2884 990 2924 ciuilis
1011 2890 1024 2924 1
1055 2889 1173 2924 ciuilis
1197 2900 1234 2924 m
1264 2889 1385 2924 ciuiles
1408 2899 1460 2932 gc
1485 2891 1520 2923 et
1543 2901 1630 2923 nam
1654 2898 1691 2923 m
1717 2907 1763 2911 -
1789 2889 1858 2922 910
1881 2888 1947 2922 uim

219 2956 327 2989 etiam
351 2965 375 2999 g
399 2955 536 2990 harena
558 2965 580 2990 o
605 2974 651 2978 ——
678 2956 742 2989 911
770 2955 928 2999 Zaserosq.
953 2965 991 2990 m
1013 2956 1117 2999 prins
1135 2964 1156 2989 o
1187 2955 1262 2989 arti
1280 2965 1316 2989 m
1344 2953 1413 2996 (L.)
1445 2973 1486 2977 —
1522 2955 1588 2988 913
1613 2964 1694 2988 cum
1715 2952 1818 2996 flexit
1837 2962 1874 2987 m
1902 2972 1944 2976 —

222 3021 288 3054 916
315 3019 408 3063 lleal
433 3021 562 3054 aliam
589 3021 667 3055 alea
684 3030 711 3052 ω
740 3040 780 3042 -
810 3022 874 3054 917
900 3031 1029 3064 pompa
1047 3030 1068 3055 o
1093 3019 1254 3063 rependit
1273 3030 1305 3054 o.
