2106 3334
207 92 286 133 108
843 90 956 125 Liber
984 90 1041 126 lV.
1093 91 1290 125 537-565.

413 235 483 276 ille
517 236 624 290 patri
658 235 853 290 natisque
886 249 996 285 reus,
1031 249 1135 289 quas
1168 235 1328 290 ceperit
1358 235 1462 290 ipse,

414 320 496 347 non
530 307 689 360 legabit
720 321 821 361 opes
855 320 1115 361 censumque
1148 306 1358 361 inmerget
1388 307 1431 347 in
1464 307 1566 361 ipso.

413 381 530 418 tanta
562 377 698 419 fames
731 379 1006 432 animumque
1039 378 1122 418 cibi
1154 382 1239 418 tam
1272 378 1364 419 dira
1397 378 1548 433 cupido

340 464 392 491 540
412 448 598 503 corripit,
633 452 679 489 ut
711 449 851 503 capiat
883 453 1017 490 semet
1049 463 1126 490 nec
1160 449 1371 503 compleat
1403 461 1626 503 umquam3

412 521 542 575 inque
576 519 723 575 epulas
756 522 883 562 funus
916 520 1081 576 rediget
1112 521 1380 575 pretiumque
1413 521 1609 575 sepulcri.

484 591 669 645 Erigone
703 606 895 646 surgens,
930 606 1039 646 quae
1071 592 1180 633 rexit
1211 592 1383 633 saecula
1413 593 1553 647 prisca

412 663 573 704 iustitia
604 677 836 718 rursusque
869 664 1017 704 eadem
1049 664 1237 705 labentia
1268 664 1389 718 fugit,

412 734 497 774 alta
530 749 605 789 per
636 735 863 789 imperium
896 735 1053 776 tribuet
1084 735 1255 789 fastigia
1287 749 1497 776 summum

341 820 392 846 5⁴5
413 810 706 861 rectoremque
739 807 857 848 dabit
886 807 1029 861 legum
1062 806 1252 861 iurisque
1285 807 1439 848 sacrati

414 881 560 918 sancta
591 878 796 932 pudicitia
829 878 1024 919 diuorum
1059 878 1219 933 templa
1251 878 1473 919 colentem.

485 948 557 989 sed
591 963 686 990 cum
721 950 988 991 autumnales
1021 953 1253 1004 coeperunt
1283 963 1457 1004 surgere
1490 948 1651 1000 chelae,

413 1018 513 1059 felix
545 1024 726 1074 aequato
759 1022 928 1075 genitus
961 1021 1038 1062 sub
1072 1021 1259 1076 pondere
1292 1021 1443 1062 librae!

410 1090 537 1131 iudex
570 1106 748 1132 examen
781 1092 900 1133 sistet
933 1093 1132 1148 uitaeque
1166 1093 1367 1147 necisque

341 1176 394 1202 550
415 1161 688 1217 imponetque
722 1164 868 1217 iugum
901 1165 1024 1205 terris
1057 1165 1258 1219 legesque
1291 1164 1470 1217 rogabit.

414 1233 533 1273 illum
566 1234 692 1275 urbes
725 1239 766 1275 et
799 1249 931 1290 regna
961 1240 1145 1276 trement
1177 1239 1366 1290 nutuque
1399 1238 1601 1288 regentur

415 1304 552 1355 unius,
587 1309 628 1345 et
659 1306 765 1346 caeli
797 1310 893 1360 post
924 1310 1058 1347 terras
1092 1307 1184 1347 iura
1216 1306 1462 1347 manebunt.

490 1376 680 1430 scorpius
713 1381 928 1418 extremae
962 1392 1057 1418 cum
1090 1377 1198 1418 tollit
1228 1377 1391 1417 lumina
1423 1376 1598 1428 caudae,

415 1446 448 1486 si
483 1447 576 1501 quis
610 1448 690 1489 erit
721 1449 853 1490 stellis
886 1456 975 1490 tum
1009 1448 1342 1503 suffragantibus
1375 1452 1504 1499 ortus,

343 1531 394 1557 555
415 1517 591 1560 urbibus
625 1520 798 1575 augebit
830 1525 964 1562 terras
997 1521 1236 1575 iunctisque
1268 1520 1460 1561 iuuencis

414 1590 583 1630 moenia
615 1591 859 1633 subcinctus
892 1606 1023 1633 curuo
1057 1592 1267 1633 describet
1297 1595 1452 1644 aratro,

415 1664 487 1700 aut
519 1665 679 1702 sternet
709 1664 868 1717 positas
902 1664 1028 1704 urbes
1060 1664 1189 1718 inque
1222 1677 1327 1704 arua
1359 1663 1533 1704 reducet

416 1732 571 1785 oppida
604 1737 644 1774 et
677 1734 717 1775 in
753 1735 948 1776 domibus
981 1739 1170 1776 maturas
1203 1734 1352 1775 reddet
1384 1734 1556 1783 aristas3

416 1806 533 1844 tanta
564 1805 644 1845 erit
676 1809 717 1846 et
750 1806 883 1846 uirtus
916 1810 958 1847 et
989 1821 1084 1847 cum
1118 1807 1273 1847 uirtute
1306 1809 1505 1860 potestas.

343 1888 395 1914 560
486 1889 563 1916 nec
596 1891 680 1917 non
714 1878 952 1919 arcitenens
985 1878 1122 1932 prima
1154 1892 1250 1918 cum
1284 1881 1402 1918 ueste
1433 1876 1630 1930 resurgit,

415 1951 588 2000 pectora
621 1949 735 1989 clara
767 1950 885 1990 (labit
916 1950 1026 1990 bello
1061 1950 1312 2004 magnisque
1346 1947 1571 2003 triumphis

418 2019 693 2072 conspicuum
726 2021 885 2076 patrias
919 2021 1125 2062 uictorem
1159 2021 1285 2062 (lucet
1316 2021 1369 2061 ad
1401 2034 1535 2071 arces,

415 2089 585 2144 altaque
619 2106 730 2133 nunc
763 2097 919 2133 statuet
951 2107 1064 2134 nunc
1096 2093 1209 2133 idem
1242 2093 1411 2133 moenia
1443 2096 1591 2132 uertet.

416 2161 489 2200 sed
522 2162 701 2204 nimium
735 2165 961 2219 indulgens
994 2165 1121 2206 rebus
1154 2165 1326 2205 fortuna
1357 2163 1554 2204 secundis

344 2246 396 2271 565
416 2231 579 2274 inuidet
611 2234 652 2275 in
687 2235 796 2276 facie
830 2236 1050 2291 saeuitque
1084 2235 1318 2291 asperrima
1350 2235 1489 2276 fronti.

347 2369 415 2403 538
453 2369 583 2413 lequuit
598 2369 685 2405 lem
724 2371 851 2415 leyabit
867 2381 892 2416 g
923 2383 1134 2416 censumque
1153 2382 1174 2415 ’ὃ
1206 2382 1375 2416 censuque
1393 2381 1420 2403 ω
1451 2370 1627 2414 inmeryet
1643 2368 1689 2413 lg
1721 2366 1890 2430 immergit
1904 2376 1942 2401 m

203 2425 314 2476 ipsiil
345 2432 424 2477 ipsa
442 2444 494 2476 gc
527 2435 599 2478 ipso
619 2446 653 2469 m
684 2455 725 2459 —
754 2437 820 2471 539
847 2437 913 2472 sibi
931 2446 952 2471 o
978 2456 1023 2460 —
1055 2438 1120 2472 541
1149 2437 1270 2481 epulas
1289 2447 1322 2471 m
1357 2436 1459 2480 epula
1477 2445 1504 2468 ω
1540 2436 1677 2470 reuocet
1693 2443 1758 2468 mc
1792 2431 1943 2467 reticetl

206 2497 320 2532 retitet
338 2508 362 2541 g
401 2518 443 2522 —
483 2501 550 2533 542
578 2500 799 2545 Eriyoueml
837 2502 1002 2547 eriyoneu
1021 2513 1054 2537 m
1097 2522 1138 2526 —-
1179 2503 1247 2537 544
1275 2501 1435 2536 tribuito
1479 2519 1516 2525 -
1559 2501 1625 2534 547
1652 2503 1716 2534 aut
1742 2500 1780 2533 tu
1804 2497 1901 2532 mdes
1918 2507 1943 2541 g

203 2562 352 2597 chelam
385 2584 425 2586 —
461 2564 527 2599 549
553 2552 757 2601 eoetlfc‘ifflal
790 2569 960 2603 emto-anea
978 2578 1002 2611 g
1033 2570 1200 2603 eoeternea
1219 2577 1255 2602 m
1287 2569 1442 2602 extrema
1461 2576 1480 2601 o
1509 2564 1695 2609 uidemuel
1722 2583 1763 2587 -
1792 2564 1861 2598 550
1886 2573 1941 2597 ro-

202 2618 325 2671 qabigl
348 2630 483 2673 roqabis
498 2640 562 2665 cm
585 2651 627 2654 —
649 2634 711 2666 551
735 2632 914 2677 ubtuquel
937 2635 1124 2677 notumque
1139 2643 1208 2677 gln
1232 2634 1387 2676 natuque
1402 2641 1421 2666 c
1443 2632 1614 2676 yerentur
1628 2641 1652 2673 g
1674 2633 1836 2675 rcyentur
1849 2639 1940 2692 ‹nqe—

206 2694 272 2728 )53
310 2692 476 2746 εωίνὲὶηες
494 2695 507 2730 1
543 2698 708 2748 extranee
727 2708 750 2741 g
788 2701 967 2733 eaetraeme
994 2709 1028 2733 m
1068 2702 1241 2733 extremae
1267 2708 1286 2732 c
1325 2697 1415 2731 tollet
1437 2707 1475 2731 ln
1511 2696 1644 2731 caudae
1667 2706 1736 2740 gm
1773 2684 1908 2730 claudit
1928 2694 1942 2728 l

205 2758 336 2794 claudit
355 2770 374 2794 c
396 2780 436 2784 ὴ
456 2763 522 2796 555
549 2749 711 2798 *decimitiis
730 2764 740 2798 l
766 2760 956 2808 iuueuez'sq.
976 2774 1013 2799 m
1035 2785 1074 2789 —
1095 2766 1162 2798 556
1192 2757 1310 2813 stlem³
1329 2762 1390 2797 sub
1408 2762 1525 2797 cuntis
1543 2762 1555 2796 l
1585 2760 1887 2796 Moenisubcinctis
1904 2770 1942 2794 m

205 2825 342 2859 moenia
357 2835 409 2869 gc
435 2827 496 2861 sub
514 2827 635 2869 cinctis
653 2838 676 2872 g
701 2829 762 2863 snb
781 2829 914 2864 cameris
933 2839 951 2863 c
972 2849 1012 2852 -
1034 2831 1100 2864 557
1128 2829 1223 2864 (Ji-bes
1241 2829 1252 2863 l
1278 2828 1380 2863 urbes
1397 2838 1449 2871 gc
1475 2827 1571 2862 orbes
1591 2837 1626 2861 m
1645 2848 1687 2852 —
1707 2827 1775 2860 558
1794 2818 1939 2860 reddit]

208 2889 325 2923 reddit
337 2900 373 2924 m
391 2891 512 2926 reddet
524 2903 576 2933 gc
596 2913 637 2916 —
657 2895 726 2927 :360
743 2890 918 2937 resumit]
940 2895 1094 2936 resumit
1106 2904 1133 2926 ω
1153 2914 1194 2917 -
1215 2895 1281 2927 552
1300 2893 1394 2928 ducit
1408 2892 1449 2927 lc
1468 2893 1568 2926 clucet
1582 2901 1606 2935 g
1623 2891 1735 2926 uictor
1749 2890 1892 2925 reducet
1903 2900 1940 2924 m

209 2972 250 2975 —-
279 2956 345 2988 :3133
372 2959 504 2991 statuet
523 2970 545 3001 g
572 2959 701 2992 statuit
719 2970 745 2990 ω
773 2962 887 2993 uertet
904 2971 927 3002 g
956 2960 1108 2993 uertite
1134 2979 1179 2982 -—
1207 2961 1273 2993 505>
1300 2959 1344 2992 cul
1369 2958 1542 3002 §perfinia
1563 2968 1608 2991 111.
