2106 3334
784 79 896 115 Liber
921 80 980 115 IV.
1034 82 1226 116 167--194.
1816 83 1869 123 95

357 237 496 264 meree
529 223 753 278 peregrina
785 223 999 263 fortunam
1033 222 1143 263 ferre
1176 236 1252 277 per
1283 222 1410 263 urbes

356 299 397 335 et
428 294 577 349 grauia
609 307 803 334 annonae
836 294 1125 347 speculantem
1158 293 1353 334 incendia
1386 292 1523 333 uentis

357 366 528 406 credere
561 379 661 419 opes
694 364 892 417 orbisque
925 364 1016 405 orbi
1047 365 1159 405 bona
1192 364 1377 404 uendere
1410 378 1533 418 posse

287 452 337 478 170
358 440 501 489 totque
532 450 609 490 per
639 436 805 490 ignotas
838 435 1094 493 commercia
1124 435 1300 489 iungere
1333 439 1467 474 terras

357 511 482 560 atque
515 507 595 547 alio
630 507 706 546 sub
739 506 827 546 sole
859 520 992 546 nouas
1026 506 1247 559 exquirere
1279 505 1458 560 praedas

356 582 396 618 et
428 592 569 618 rerum
601 577 734 631 pretio
768 577 929 617 subitos
962 590 1215 631 componere
1248 590 1409 616 census.

357 649 530 702 nauigat
562 652 602 687 et
634 647 781 688 celeris
814 647 997 701 optando
1031 647 1212 688 sortibus
1247 661 1379 687 annos

357 719 549 760 dulcibus
582 719 720 758 usuris
754 732 888 771 aequo
922 731 1089 771 quoque
1122 721 1315 771 tempora
1346 717 1503 757 uendit.

286 803 336 830 175
357 790 573 844 ingenium
608 789 756 828 sollers
789 802 949 841 suaque
982 789 1024 828 in
1057 787 1307 842 compendia
1339 801 1521 841 pugnax.

427 859 519 913 quis
552 859 726 909 dubitet,
760 859 869 898 uasti
902 873 1010 911 quae
1044 858 1097 898 sit
1128 862 1281 898 natura
1312 858 1458 908 leonis,

357 944 545 984 quasque
579 943 652 970 suo
685 929 814 969 dictet.
846 929 965 983 signo
998 928 1270 969 nascentibus
1304 928 1441 968 artes?

354 1001 424 1041 ille
456 1015 588 1041 nouas
621 1014 788 1054 semper
820 1014 998 1054 pugnae,
1032 1013 1145 1040 noua
1178 1000 1288 1053 bella
1318 999 1505 1039 ferarum

358 1075 534 1125 apparat
567 1074 607 1111 et
638 1071 772 1125 spolio
804 1071 912 1111 uiuit
942 1084 1229 1125 pecorumque
1262 1070 1434 1123 rapinis.

286 1158 336 1183 1:50
356 1143 425 1182 ille
458 1142 586 1182 habet
616 1142 694 1182 hoc
728 1142 931 1182 studium:
965 1145 1106 1195 postes
1139 1155 1290 1181 ornare
1323 1140 1512 1195 superbit

354 1213 536 1267 pellibus
570 1217 610 1253 et
642 1216 785 1267 captas
818 1212 1013 1253 domibus
1044 1212 1280 1266 praefigere
1312 1212 1491 1266 praedas

357 1289 397 1325 et
428 1298 580 1338 pacare
613 1288 726 1324 metu
760 1284 889 1324 siluas
923 1287 963 1324 et
995 1283 1140 1323 uiuere
1172 1283 1318 1324 uictor.

356 1360 465 1406 suut,
500 1369 678 1408 quorum
712 1355 859 1395 similis
893 1354 1056 1395 animos
1089 1368 1166 1394 nec
1198 1355 1364 1395 moenia
1398 1354 1579 1405 frenent,

358 1426 431 1467 sed
463 1426 673 1480 pecudum
706 1426 907 1466 membris
940 1425 1080 1465 media
1112 1428 1358 1479 grassentur
1388 1425 1430 1465 in
1464 1425 1568 1465 urbe

287 1512 337 1539 185
357 1501 399 1537 et
430 1497 591 1537 laceros
625 1502 740 1537 artus
773 1497 1035 1551 suspendant
1066 1496 1205 1537 fronte
1237 1497 1438 1537 tabernae

356 1569 632 1622 luxuriaeque
665 1572 814 1623 parent
847 1568 1019 1608 caedem
1054 1571 1295 1621 mortesque
1327 1568 1556 1608 lucrentur.

356 1639 572 1693 ingenium
606 1639 659 1680 ad
692 1639 850 1679 subitas
883 1639 967 1679 iras
1000 1638 1221 1692 facilisque
1253 1652 1444 1679 recessus

357 1710 534 1763 aequale
567 1714 608 1750 et
639 1724 744 1764 puro
777 1710 987 1750 sententia
1018 1713 1189 1764 pectore
1222 1710 1411 1763 simplex.

429 1784 470 1821 at
501 1781 653 1834 quibus
686 1780 870 1834 Erigone
903 1779 1008 1820 dixit
1038 1780 1309 1821 nascentibus
1343 1794 1510 1831 aeuum,

285 1867 336 1894 190
356 1855 454 1906 apta
485 1851 727 1906 magisterio
760 1851 956 1905 nodoque
989 1851 1171 1891 coercita
1204 1851 1338 1905 uirgo⁷

358 1922 408 1963 ad
443 1923 627 1963 studium
661 1923 786 1963 ducet
817 1937 955 1963 mores
989 1927 1029 1963 et
1060 1927 1232 1976 pectora
1264 1922 1396 1963 doctis

359 1993 520 2049 wihus
549 1994 758 2045 instituet3
793 2008 868 2034 nec
901 1998 988 2034 tam
1022 1994 1275 2048 compendia
1307 2007 1457 2034 census

356 2079 483 2118 quam
517 2079 665 2106 causas
698 2059 894 2119 uiresque
927 2065 1044 2106 (labit
1075 2065 1321 2120 perquirere
1354 2079 1508 2105 rerum.

357 2137 429 2177 illa
460 2137 588 2178 decus
619 2137 792 2191 linguae
824 2137 951 2177 faciet
982 2151 1247 2191 regnumque
1278 2136 1481 2190 loquendi

292 2280 356 2313 168
382 2260 500 2313 ιῖὲιΐίςΙ
527 2297 568 2301 -
598 2280 664 2312 169
691 2289 779 2322 opus
798 2288 832 2312 m
865 2279 1026 2322 orbisque
1050 2279 1126 2313 orbi
1144 2287 1213 2322 gn]
1245 2278 1387 2321 orbique
1413 2276 1535 2312 orbi-5¹1
1567 2277 1666 2311 urbis
1691 2277 1766 2311 orbi
1785 2286 1804 2311 e
1831 2295 1872 2300 --

153 2346 214 2379 173
240 2344 380 2378 sceleris
399 2353 418 2378 c
444 2344 565 2378 celeris
583 2353 609 2375 ω
641 2344 791 2378 obtamlo
810 2353 878 2386 gin
908 2363 949 2366 —
986 2344 1050 2377 174
1078 2355 1185 2387 aequo
1211 2354 1345 2386 quoque
1363 2353 1387 2386 g
1420 2354 1572 2386 equoque
1598 2344 1757 2385 tempora
1776 2351 1803 2373 ω
1831 2361 1872 2364 -

150 2410 214 2443 175
242 2409 373 2443 dubitz't
390 2418 426 2442 m
455 2427 497 2431 —-
528 2409 590 2443 179
618 2400 797 2453 appui-‘2:51
823 2411 973 2452 apparet-
993 2418 1026 2442 m
1061 2410 1216 2452 apparat
1234 2417 1286 2451 gc
1317 2410 1349 2442 et
1377 2416 1447 2441 om.
1468 2406 1525 2441 lm
1557 2407 1668 2450 spolio
1694 2407 1790 2441 uiuit
1810 2418 1869 2450 pe-

147 2486 335 2517 corumque
353 2484 389 2508 m
418 2485 583 2518 pecorum
607 2474 720 2517 spolio
744 2483 770 2505 ω
798 2493 838 2496 -
868 2472 936 2507 180
960 2473 1021 2507 hoe
1045 2473 1145 2507 habet
1176 2473 1237 2507 7100
1261 2473 1423 2507 studium
1447 2482 1467 2506 0
1494 2472 1624 2516 positis
1640 2472 1826 2516 -superbz's
1853 2480 1873 2504 o

148 2539 187 2573 in
215 2548 332 2583 marg.
355 2548 379 2582 g
410 2548 505 2573 corr.
538 2547 654 2573 manu
688 2547 760 2573 rec.
787 2541 936 2581 posses·
955 2538 1123 2581 superbos
1155 2556 1197 2560 —-
1234 2537 1297 2571 182
1331 2537 1485 2571 uictore
1518 2559 1560 2562 —
1598 2537 1662 2571 183
1693 2536 1828 2570 similes
1852 2546 1873 2569 0

146 2605 264 2648 frenis
282 2614 302 2637 0
331 2623 371 2626 -ν
402 2605 467 2637 184
486 2604 667 2647 pecuclzmz
689 2613 720 2637 m
750 2615 920 2647 pecorum
937 2613 964 2634 ω
992 2605 1209 2647 grassantur
1227 2611 1251 2645 g
1278 2605 1489 2646 gyras-§entur
1506 2611 1533 2633 ω
1566 2620 1607 2624 ——
1646 2601 1708 2635 185
1741 2604 1836 2635 artes
1854 2610 1873 2634 C

147 2669 368 2712 suspendant
391 2678 416 2711 g
446 2669 643 2712 suspendat
666 2680 692 2700 ‹v›
726 2687 768 2692 —-
806 2669 868 2702 186
901 2669 1040 2702 caedem
1061 2677 1095 2701 m
1129 2668 1244 2702 cedem
1263 2677 1289 2699 ω
1321 2670 1537 2711 mortesq.1u
1570 2677 1750 2710 moresque
1769 2676 1796 2697 ω
1829 2684 1871 2688 -

152 2733 214 2768 187
247 2726 434 2777 facilfisqd
465 2733 624 2777 facilesq.
645 2743 663 2767 e
694 2733 849 2777 faceflz'sq.
876 2742 944 2775 gin
979 2743 1141 2767 ‘recensus
1164 2731 1222 2766 lm
1255 2743 1408 2767 recessus
1433 2742 1485 2776 ge
1518 2750 1558 2755 —
1599 2732 1659 2766 188
1691 2713 1873 2775 αεᾳιιαῖεΙ

148 2810 301 2843 aequare
319 2808 338 2833 c
364 2799 509 2842 aequale
527 2808 595 2842 gn]
622 2801 653 2833 et
673 2810 785 2843 puero
804 2807 824 2832 o
851 2797 916 2840 (est
936 2810 976 2841 p.
1002 2797 1015 2831 l
1042 2797 1143 2840 (coll.
1163 2796 1283 2839 Vrat.)
1317 2817 1358 2820 ——
1390 2799 1452 2832 189
1479 2798 1513 2832 A
1530 2797 1657 2840 quibus
1675 2795 1762 2831 lmc
1793 2799 1831 2831 at
1849 2805 1874 2839 g

150 2864 255 2898 dzcoez't
273 2874 297 2907 g
324 2865 417 2898 dixit
435 2874 462 2895 ω
487 2883 532 2887 —
564 2865 627 2898 190
651 2866 735 2907 opta
753 2873 788 2897 ln
816 2875 878 2897 ora
898 2862 943 2904 lg
968 2874 1025 2897 ore
1044 2872 1063 2897 <3
1089 2863 1291 2907 massi-sterio
1310 2873 1331 2897 0
1358 2863 1539 2906 mistasque
1557 2872 1578 2895 0
1604 2860 1804 2896 cohercital
1830 2879 1870 2883 -—

152 2929 213 2962 191
244 2922 334 2963 Atll
361 2929 456 2962 dveit
475 2938 496 2963 0
525 2947 566 2951 -
598 2930 660 2962 192
687 2929 851 2962 instituet
870 2938 891 2961 o
919 2946 960 2950 ——
992 2930 1053 2961 1514
1080 2927 1140 2961 ille
1157 2936 1189 2961 0.
