<?xml version="1.0" encoding="UTF-8"?>
<!DOCTYPE html PUBLIC "-//W3C//DTD XHTML 1.0 Transitional//EN"
    "http://www.w3.org/TR/xhtml1/DTD/xhtml1-transitional.dtd">
<html xmlns="http://www.w3.org/1999/xhtml" xml:lang="en" lang="en">
 <head>
  <title>
</title>
<meta http-equiv="Content-Type" content="text/html;charset=utf-8" />
  <meta name='ocr-system' content='tesseract 3.04.00' />
  <meta name='ocr-capabilities' content='ocr_page ocr_carea ocr_par ocr_line ocrx_word'/>
</head>
<body>
  <div class='ocr_page' id='page_1' title='image "astronomicahrsgv00maniuoft_0086.png"; bbox 0 0 2106 3334; ppageno 0'>
   <div class='ocr_carea' id='block_1_1' title="bbox 170 83 1252 129">
    <p class='ocr_par' dir='ltr' id='par_1_1' title="bbox 170 83 1252 129">
     <span class='ocr_line' id='line_1_1' title="bbox 170 83 1252 129; baseline -0.011 0"><span class='ocrx_word' id='word_1_1' title='bbox 170 90 223 129; x_wconf 86' lang='grc'>64</span> <span class='ocrx_word' id='word_1_2' title='bbox 823 83 934 119; x_wconf 78' lang='lat' dir='ltr'>Liber</span> <span class='ocrx_word' id='word_1_3' title='bbox 959 83 1004 118; x_wconf 83' lang='lat'>11.</span> <span class='ocrx_word' id='word_1_4' title='bbox 1056 84 1252 117; x_wconf 79' lang='lat'>951—970.</span> 
     </span>
    </p>
   </div>
   <div class='ocr_carea' id='block_1_2' title="bbox 309 223 1664 1632">
    <p class='ocr_par' dir='ltr' id='par_1_2' title="bbox 380 223 1313 282">
     <span class='ocr_line' id='line_1_2' title="bbox 380 223 1313 282; baseline -0.009 -11"><span class='ocrx_word' id='word_1_5' title='bbox 380 244 434 271; x_wconf 85' lang='lat' dir='ltr'>ne</span> <span class='ocrx_word' id='word_1_6' title='bbox 466 229 633 279; x_wconf 80' lang='lat' dir='ltr'>mirere,</span> <span class='ocrx_word' id='word_1_7' title='bbox 666 227 776 282; x_wconf 85' lang='lat' dir='ltr'>nigri</span> <span class='ocrx_word' id='word_1_8' title='bbox 808 227 842 267; x_wconf 88' lang='lat' dir='ltr'>si</span> <span class='ocrx_word' id='word_1_9' title='bbox 874 225 985 266; x_wconf 89' lang='lat' dir='ltr'>Ditis</span> <span class='ocrx_word' id='word_1_10' title='bbox 1020 225 1147 265; x_wconf 78' lang='lat' dir='ltr'>ianua</span> <span class='ocrx_word' id='word_1_11' title='bbox 1179 223 1313 264; x_wconf 87' lang='lat' dir='ltr'>fertur</span> 
     </span>
    </p>

    <p class='ocr_par' dir='ltr' id='par_1_3' title="bbox 381 294 1434 352">
     <span class='ocr_line' id='line_1_3' title="bbox 381 294 1434 352; baseline -0.007 -11"><span class='ocrx_word' id='word_1_12' title='bbox 381 306 422 342; x_wconf 89' lang='lat' dir='ltr'>et</span> <span class='ocrx_word' id='word_1_13' title='bbox 452 301 581 341; x_wconf 88' lang='lat' dir='ltr'>finem</span> <span class='ocrx_word' id='word_1_14' title='bbox 614 299 767 339; x_wconf 86' lang='lat' dir='ltr'>retinet</span> <span class='ocrx_word' id='word_1_15' title='bbox 797 311 874 352; x_wconf 89' lang='lat' dir='ltr'>per</span> <span class='ocrx_word' id='word_1_16' title='bbox 903 300 1022 338; x_wconf 81' lang='lat' dir='ltr'>tanta</span> <span class='ocrx_word' id='word_1_17' title='bbox 1052 295 1243 351; x_wconf 89' lang='lat' dir='ltr'>pericula</span> <span class='ocrx_word' id='word_1_18' title='bbox 1274 294 1434 335; x_wconf 87' lang='lat' dir='ltr'>mortis.</span> 
     </span>
    </p>

    <p class='ocr_par' dir='ltr' id='par_1_4' title="bbox 380 365 1599 496">
     <span class='ocr_line' id='line_1_4' title="bbox 380 365 1599 424; baseline -0.007 -11"><span class='ocrx_word' id='word_1_19' title='bbox 380 373 448 413; x_wconf 91' lang='lat' dir='ltr'>hic</span> <span class='ocrx_word' id='word_1_20' title='bbox 481 371 605 412; x_wconf 81' lang='lat' dir='ltr'>etiam</span> <span class='ocrx_word' id='word_1_21' title='bbox 640 370 731 424; x_wconf 88' lang='lat' dir='ltr'>ipse</span> <span class='ocrx_word' id='word_1_22' title='bbox 763 369 852 409; x_wconf 83' lang='lat' dir='ltr'>dies</span> <span class='ocrx_word' id='word_1_23' title='bbox 885 367 1064 409; x_wconf 89' lang='lat' dir='ltr'>moritur</span> <span class='ocrx_word' id='word_1_24' title='bbox 1095 371 1314 420; x_wconf 75' lang='lat' dir='ltr'>terrasque</span> <span class='ocrx_word' id='word_1_25' title='bbox 1346 379 1422 420; x_wconf 88' lang='lat' dir='ltr'>per</span> <span class='ocrx_word' id='word_1_26' title='bbox 1453 365 1599 405; x_wconf 86' lang='lat' dir='ltr'>orbem</span> 
     </span>
     <span class='ocr_line' id='line_1_5' title="bbox 380 436 1517 496; baseline -0.007 -13"><span class='ocrx_word' id='word_1_27' title='bbox 380 441 561 496; x_wconf 79' lang='lat' dir='ltr'>subripit</span> <span class='ocrx_word' id='word_1_28' title='bbox 592 444 633 481; x_wconf 89' lang='lat' dir='ltr'>et</span> <span class='ocrx_word' id='word_1_29' title='bbox 664 440 798 481; x_wconf 85' lang='lat' dir='ltr'>noctis</span> <span class='ocrx_word' id='word_1_30' title='bbox 831 443 1001 494; x_wconf 84' lang='lat' dir='ltr'>captum</span> <span class='ocrx_word' id='word_1_31' title='bbox 1035 439 1113 479; x_wconf 91' lang='lat' dir='ltr'>sub</span> <span class='ocrx_word' id='word_1_32' title='bbox 1147 450 1315 478; x_wconf 83' lang='lat' dir='ltr'>carcere</span> <span class='ocrx_word' id='word_1_33' title='bbox 1348 436 1517 477; x_wconf 85' lang='lat' dir='ltr'>clandit.</span> 
     </span>
    </p>

    <p class='ocr_par' dir='ltr' id='par_1_5' title="bbox 309 507 1664 852">
     <span class='ocr_line' id='line_1_6' title="bbox 309 507 1321 562; baseline -0.009 -6"><span class='ocrx_word' id='word_1_34' title='bbox 309 531 361 557; x_wconf 80' lang='lat'>955</span> <span class='ocrx_word' id='word_1_35' title='bbox 380 528 458 555; x_wconf 89' lang='lat' dir='ltr'>nec</span> <span class='ocrx_word' id='word_1_36' title='bbox 490 526 575 554; x_wconf 87' lang='lat' dir='ltr'>non</span> <span class='ocrx_word' id='word_1_37' title='bbox 609 515 650 552; x_wconf 88' lang='lat' dir='ltr'>et</span> <span class='ocrx_word' id='word_1_38' title='bbox 680 511 780 552; x_wconf 88' lang='lat' dir='ltr'>fidei</span> <span class='ocrx_word' id='word_1_39' title='bbox 813 510 988 551; x_wconf 88' lang='lat' dir='ltr'>tutelam</span> <span class='ocrx_word' id='word_1_40' title='bbox 1021 509 1210 549; x_wconf 80' lang='lat' dir='ltr'>uindicat</span> <span class='ocrx_word' id='word_1_41' title='bbox 1241 507 1321 562; x_wconf 86' lang='lat' dir='ltr'>ipsi</span> 
     </span>
     <span class='ocr_line' id='line_1_7' title="bbox 379 578 1561 640; baseline -0.006 -16"><span class='ocrx_word' id='word_1_42' title='bbox 379 583 561 640; x_wconf 77' lang='lat' dir='ltr'>pectoris</span> <span class='ocrx_word' id='word_1_43' title='bbox 594 586 636 623; x_wconf 92' lang='lat' dir='ltr'>et</span> <span class='ocrx_word' id='word_1_44' title='bbox 666 582 845 637; x_wconf 89' lang='lat' dir='ltr'>pondus.</span> <span class='ocrx_word' id='word_1_45' title='bbox 908 584 1027 621; x_wconf 84' lang='lat' dir='ltr'>tanta</span> <span class='ocrx_word' id='word_1_46' title='bbox 1059 584 1122 620; x_wconf 86' lang='lat' dir='ltr'>est</span> <span class='ocrx_word' id='word_1_47' title='bbox 1154 580 1194 619; x_wconf 88' lang='lat' dir='ltr'>in</span> <span class='ocrx_word' id='word_1_48' title='bbox 1229 578 1329 619; x_wconf 84' lang='lat' dir='ltr'>sede</span> <span class='ocrx_word' id='word_1_49' title='bbox 1361 581 1561 633; x_wconf 76' lang='lat' dir='ltr'>potestas,</span> 
     </span>
     <span class='ocr_line' id='line_1_8' title="bbox 382 649 1664 711; baseline -0.007 -15"><span class='ocrx_word' id='word_1_50' title='bbox 382 669 490 711; x_wconf 88' lang='lat' dir='ltr'>quae</span> <span class='ocrx_word' id='word_1_51' title='bbox 523 658 648 695; x_wconf 84' lang='lat' dir='ltr'>uocat</span> <span class='ocrx_word' id='word_1_52' title='bbox 680 658 721 694; x_wconf 89' lang='lat' dir='ltr'>et</span> <span class='ocrx_word' id='word_1_53' title='bbox 754 653 896 693; x_wconf 79' lang='lat' dir='ltr'>condit</span> <span class='ocrx_word' id='word_1_54' title='bbox 928 651 1149 693; x_wconf 83' lang='lat' dir='ltr'>Phoebum</span> <span class='ocrx_word' id='word_1_55' title='bbox 1182 649 1416 704; x_wconf 77' lang='lat' dir='ltr'>recipitque</span> <span class='ocrx_word' id='word_1_56' title='bbox 1447 649 1664 702; x_wconf 77' lang='lat' dir='ltr'>refertque</span> 
     </span>
     <span class='ocr_line' id='line_1_9' title="bbox 383 719 1509 779; baseline -0.007 -11"><span class='ocrx_word' id='word_1_57' title='bbox 383 728 732 779; x_wconf 87' lang='lat' dir='ltr'>consummatque</span> <span class='ocrx_word' id='word_1_58' title='bbox 765 724 890 765; x_wconf 90' lang='lat' dir='ltr'>diem.</span> <span class='ocrx_word' id='word_1_59' title='bbox 955 723 1029 763; x_wconf 86' lang='lat' dir='ltr'>tali</span> <span class='ocrx_word' id='word_1_60' title='bbox 1061 722 1138 763; x_wconf 91' lang='lat' dir='ltr'>sub</span> <span class='ocrx_word' id='word_1_61' title='bbox 1171 722 1265 775; x_wconf 82' lang='lat' dir='ltr'>lege</span> <span class='ocrx_word' id='word_1_62' title='bbox 1299 719 1509 761; x_wconf 75' lang='lat' dir='ltr'>notandae</span> 
     </span>
     <span class='ocr_line' id='line_1_10' title="bbox 380 790 1570 852; baseline -0.007 -14"><span class='ocrx_word' id='word_1_63' title='bbox 380 797 638 852; x_wconf 88' lang='lat' dir='ltr'>templorum</span> <span class='ocrx_word' id='word_1_64' title='bbox 671 795 747 836; x_wconf 90' lang='lat' dir='ltr'>tibi</span> <span class='ocrx_word' id='word_1_65' title='bbox 780 800 878 836; x_wconf 88' lang='lat' dir='ltr'>sunt</span> <span class='ocrx_word' id='word_1_66' title='bbox 908 794 1035 845; x_wconf 77' lang='lat' dir='ltr'>uires,</span> <span class='ocrx_word' id='word_1_67' title='bbox 1070 807 1175 847; x_wconf 82' lang='lat' dir='ltr'>quas</span> <span class='ocrx_word' id='word_1_68' title='bbox 1208 791 1402 847; x_wconf 85' lang='lat' dir='ltr'>peruolat</span> <span class='ocrx_word' id='word_1_69' title='bbox 1434 790 1570 831; x_wconf 86' lang='lat' dir='ltr'>omnis</span> 
     </span>
    </p>

    <p class='ocr_par' dir='ltr' id='par_1_6' title="bbox 310 862 1530 1208">
     <span class='ocr_line' id='line_1_11' title="bbox 310 862 1452 920; baseline -0.011 -8"><span class='ocrx_word' id='word_1_70' title='bbox 310 886 362 912; x_wconf 67' lang='lat'>9430</span> <span class='ocrx_word' id='word_1_71' title='bbox 383 873 594 911; x_wconf 81' lang='lat' dir='ltr'>astrorum</span> <span class='ocrx_word' id='word_1_72' title='bbox 627 867 758 908; x_wconf 87' lang='lat' dir='ltr'>series</span> <span class='ocrx_word' id='word_1_73' title='bbox 791 866 991 920; x_wconf 84' lang='lat' dir='ltr'>ducitque</span> <span class='ocrx_word' id='word_1_74' title='bbox 1025 869 1066 905; x_wconf 87' lang='lat' dir='ltr'>et</span> <span class='ocrx_word' id='word_1_75' title='bbox 1098 863 1341 905; x_wconf 88' lang='lat' dir='ltr'>commodat</span> <span class='ocrx_word' id='word_1_76' title='bbox 1372 862 1452 903; x_wconf 78' lang='lat' dir='ltr'>illis</span> 
     </span>
     <span class='ocr_line' id='line_1_12' title="bbox 382 935 1457 996; baseline -0.007 -15"><span class='ocrx_word' id='word_1_77' title='bbox 382 942 474 996; x_wconf 82' lang='lat' dir='ltr'>ipsa</span> <span class='ocrx_word' id='word_1_78' title='bbox 505 953 603 980; x_wconf 82' lang='lat' dir='ltr'>suas</span> <span class='ocrx_word' id='word_1_79' title='bbox 634 939 766 993; x_wconf 69' lang='lat' dir='ltr'>leges,</span> <span class='ocrx_word' id='word_1_80' title='bbox 799 938 1032 991; x_wconf 84' lang='lat' dir='ltr'>stellaeque</span> <span class='ocrx_word' id='word_1_81' title='bbox 1065 950 1116 976; x_wconf 78' lang='lat' dir='ltr'>ex</span> <span class='ocrx_word' id='word_1_82' title='bbox 1149 935 1297 976; x_wconf 85' lang='lat' dir='ltr'>ordine</span> <span class='ocrx_word' id='word_1_83' title='bbox 1330 938 1457 985; x_wconf 79' lang='lat' dir='ltr'>certo,</span> 
     </span>
     <span class='ocr_line' id='line_1_13' title="bbox 383 1006 1451 1061; baseline -0.007 -8"><span class='ocrx_word' id='word_1_84' title='bbox 383 1017 428 1053; x_wconf 91' lang='lat' dir='ltr'>ut</span> <span class='ocrx_word' id='word_1_85' title='bbox 460 1016 612 1052; x_wconf 83' lang='lat' dir='ltr'>natura</span> <span class='ocrx_word' id='word_1_86' title='bbox 643 1010 754 1060; x_wconf 75' lang='lat' dir='ltr'>sinit,</span> <span class='ocrx_word' id='word_1_87' title='bbox 787 1009 971 1049; x_wconf 83' lang='lat' dir='ltr'>lustrant</span> <span class='ocrx_word' id='word_1_88' title='bbox 1002 1008 1229 1061; x_wconf 86' lang='lat' dir='ltr'>uariasque</span> <span class='ocrx_word' id='word_1_89' title='bbox 1262 1006 1451 1046; x_wconf 87' lang='lat' dir='ltr'>locorum</span> 
     </span>
     <span class='ocr_line' id='line_1_14' title="bbox 373 1079 1426 1134; baseline -0.007 -10"><span class='ocrx_word' id='word_1_90' title='bbox 373 1083 574 1124; x_wconf 82' lang='lat' dir='ltr'>&#39;efficiunt</span> <span class='ocrx_word' id='word_1_91' title='bbox 605 1082 732 1133; x_wconf 74' lang='lat' dir='ltr'>uires,</span> <span class='ocrx_word' id='word_1_92' title='bbox 766 1086 996 1134; x_wconf 89' lang='lat' dir='ltr'>utcumque</span> <span class='ocrx_word' id='word_1_93' title='bbox 1029 1079 1168 1120; x_wconf 79' lang='lat' dir='ltr'>aliena</span> <span class='ocrx_word' id='word_1_94' title='bbox 1201 1080 1426 1132; x_wconf 86' lang='lat' dir='ltr'>capessunt</span> 
     </span>
     <span class='ocr_line' id='line_1_15' title="bbox 384 1147 1530 1208; baseline -0.007 -13"><span class='ocrx_word' id='word_1_95' title='bbox 384 1169 517 1208; x_wconf 78' lang='lat' dir='ltr'>regna</span> <span class='ocrx_word' id='word_1_96' title='bbox 549 1158 590 1194; x_wconf 86' lang='lat' dir='ltr'>et</span> <span class='ocrx_word' id='word_1_97' title='bbox 620 1154 663 1194; x_wconf 93' lang='lat' dir='ltr'>in</span> <span class='ocrx_word' id='word_1_98' title='bbox 697 1153 881 1193; x_wconf 85' lang='lat' dir='ltr'>externis</span> <span class='ocrx_word' id='word_1_99' title='bbox 915 1151 1138 1192; x_wconf 86' lang='lat' dir='ltr'>subsidunt</span> <span class='ocrx_word' id='word_1_100' title='bbox 1170 1149 1338 1203; x_wconf 84' lang='lat' dir='ltr'>hospita</span> <span class='ocrx_word' id='word_1_101' title='bbox 1369 1147 1530 1188; x_wconf 81' lang='lat' dir='ltr'>castris.</span> 
     </span>
    </p>

    <p class='ocr_par' dir='ltr' id='par_1_7' title="bbox 313 1222 1546 1560">
     <span class='ocr_line' id='line_1_16' title="bbox 313 1222 1546 1275; baseline -0.007 -8"><span class='ocrx_word' id='word_1_102' title='bbox 313 1242 365 1267; x_wconf 71' lang='lat'>965</span> <span class='ocrx_word' id='word_1_103' title='bbox 385 1226 489 1266; x_wconf 83' lang='lat' dir='ltr'>haec</span> <span class='ocrx_word' id='word_1_104' title='bbox 523 1224 625 1265; x_wconf 91' lang='lat' dir='ltr'>mihi</span> <span class='ocrx_word' id='word_1_105' title='bbox 658 1224 735 1264; x_wconf 82' lang='lat' dir='ltr'>sub</span> <span class='ocrx_word' id='word_1_106' title='bbox 770 1227 884 1263; x_wconf 85' lang='lat' dir='ltr'>certa</span> <span class='ocrx_word' id='word_1_107' title='bbox 917 1222 1135 1263; x_wconf 83' lang='lat' dir='ltr'>stellarum</span> <span class='ocrx_word' id='word_1_108' title='bbox 1168 1224 1289 1275; x_wconf 84' lang='lat' dir='ltr'>parte</span> <span class='ocrx_word' id='word_1_109' title='bbox 1323 1223 1546 1267; x_wconf 57' lang='lat' dir='ltr'>canentum</span> 
     </span>
     <span class='ocr_line' id='line_1_17' title="bbox 386 1291 1520 1347; baseline -0.007 -10"><span class='ocrx_word' id='word_1_110' title='bbox 386 1310 498 1338; x_wconf 86' lang='lat' dir='ltr'>nunc</span> <span class='ocrx_word' id='word_1_111' title='bbox 531 1296 632 1336; x_wconf 85' lang='lat' dir='ltr'>satis</span> <span class='ocrx_word' id='word_1_112' title='bbox 666 1298 740 1346; x_wconf 80' lang='lat' dir='ltr'>est,</span> <span class='ocrx_word' id='word_1_113' title='bbox 775 1294 879 1334; x_wconf 81' lang='lat' dir='ltr'>caeli</span> <span class='ocrx_word' id='word_1_114' title='bbox 913 1296 1055 1347; x_wconf 85' lang='lat' dir='ltr'>partes</span> <span class='ocrx_word' id='word_1_115' title='bbox 1088 1291 1318 1345; x_wconf 89' lang='lat' dir='ltr'>titulosque</span> <span class='ocrx_word' id='word_1_116' title='bbox 1351 1294 1520 1331; x_wconf 81' lang='lat' dir='ltr'>notasse</span> 
     </span>
     <span class='ocr_line' id='line_1_18' title="bbox 386 1362 1414 1421; baseline -0.008 -12"><span class='ocrx_word' id='word_1_117' title='bbox 386 1368 647 1421; x_wconf 83' lang='lat' dir='ltr'>effectusque</span> <span class='ocrx_word' id='word_1_118' title='bbox 680 1365 760 1406; x_wconf 87' lang='lat' dir='ltr'>loci</span> <span class='ocrx_word' id='word_1_119' title='bbox 793 1379 869 1419; x_wconf 85' lang='lat' dir='ltr'>per</span> <span class='ocrx_word' id='word_1_120' title='bbox 901 1378 945 1405; x_wconf 90' lang='lat' dir='ltr'>se</span> <span class='ocrx_word' id='word_1_121' title='bbox 979 1364 1183 1417; x_wconf 83' lang='lat' dir='ltr'>cuiusque</span> <span class='ocrx_word' id='word_1_122' title='bbox 1215 1362 1414 1416; x_wconf 86' lang='lat' dir='ltr'>deosque.</span> 
     </span>
     <span class='ocr_line' id='line_1_19' title="bbox 387 1430 1508 1489; baseline -0.007 -12"><span class='ocrx_word' id='word_1_123' title='bbox 387 1437 458 1477; x_wconf 69' lang='lat' dir='ltr'>eui</span> <span class='ocrx_word' id='word_1_124' title='bbox 484 1435 609 1489; x_wconf 71' lang='lat' dir='ltr'>parti</span> <span class='ocrx_word' id='word_1_125' title='bbox 641 1448 797 1476; x_wconf 69' lang='lat' dir='ltr'>nomen</span> <span class='ocrx_word' id='word_1_126' title='bbox 824 1432 988 1487; x_wconf 69' lang='lat' dir='ltr'>posui-f,</span> <span class='ocrx_word' id='word_1_127' title='bbox 1022 1431 1097 1484; x_wconf 68' lang='lat' dir='ltr'>qui</span> <span class='ocrx_word' id='word_1_128' title='bbox 1130 1430 1324 1472; x_wconf 70' lang='lat' dir='ltr'>condidit</span> <span class='ocrx_word' id='word_1_129' title='bbox 1358 1433 1508 1482; x_wconf 70' lang='lat' dir='ltr'>artem,</span> 
     </span>
     <span class='ocr_line' id='line_1_20' title="bbox 390 1501 1497 1560; baseline -0.007 -11"><span class='ocrx_word' id='word_1_130' title='bbox 390 1510 613 1560; x_wconf 72' lang='lat' dir='ltr'>octotopos,</span> <span class='ocrx_word' id='word_1_131' title='bbox 643 1520 725 1559; x_wconf 73' lang='lat' dir='ltr'>per</span> <span class='ocrx_word' id='word_1_132' title='bbox 759 1505 872 1557; x_wconf 72' lang='lat' dir='ltr'>quod</span> <span class='ocrx_word' id='word_1_133' title='bbox 903 1504 1053 1545; x_wconf 71' lang='lat' dir='ltr'>stellae</span> <span class='ocrx_word' id='word_1_134' title='bbox 1087 1502 1267 1543; x_wconf 66' lang='lat' dir='ltr'>(Ziucrsa</span> <span class='ocrx_word' id='word_1_135' title='bbox 1298 1501 1497 1543; x_wconf 71' lang='lat' dir='ltr'>uolantes</span> 
     </span>
    </p>

    <p class='ocr_par' dir='ltr' id='par_1_8' title="bbox 317 1572 1647 1632">
     <span class='ocr_line' id='line_1_21' title="bbox 317 1572 1647 1632; baseline -0.01 -8"><span class='ocrx_word' id='word_1_136' title='bbox 317 1597 370 1624; x_wconf 85' lang='lat'>970</span> <span class='ocrx_word' id='word_1_137' title='bbox 390 1594 494 1632; x_wconf 74' lang='lat' dir='ltr'>quos</span> <span class='ocrx_word' id='word_1_138' title='bbox 526 1578 713 1619; x_wconf 68' lang='lat' dir='ltr'>reddant</span> <span class='ocrx_word' id='word_1_139' title='bbox 744 1580 899 1629; x_wconf 71' lang='lat' dir='ltr'>motus,</span> <span class='ocrx_word' id='word_1_140' title='bbox 929 1574 1112 1629; x_wconf 72' lang='lat' dir='ltr'>proprio</span> <span class='ocrx_word' id='word_1_141' title='bbox 1149 1573 1269 1614; x_wconf 65' lang='lat' dir='ltr'>namt</span> <span class='ocrx_word' id='word_1_142' title='bbox 1302 1572 1451 1614; x_wconf 67' lang='lat' dir='ltr'>ordine</span> <span class='ocrx_word' id='word_1_143' title='bbox 1484 1585 1647 1612; x_wconf 65' lang='lat' dir='ltr'>rerum.</span> 
     </span>
    </p>
   </div>
   <div class='ocr_carea' id='block_1_3' title="bbox 177 1713 1912 1832">
    <p class='ocr_par' dir='ltr' id='par_1_9' title="bbox 177 1713 1912 1832">
     <span class='ocr_line' id='line_1_22' title="bbox 320 1713 1912 1760; baseline -0.006 -3"><span class='ocrx_word' id='word_1_144' title='bbox 320 1724 386 1757; x_wconf 81' lang='lat'>951</span> <span class='ocrx_word' id='word_1_145' title='bbox 426 1734 470 1756; x_wconf 70' lang='lat' dir='ltr'>ne</span> <span class='ocrx_word' id='word_1_146' title='bbox 498 1731 518 1756; x_wconf 92' lang='lat' dir='ltr'>o</span> <span class='ocrx_word' id='word_1_147' title='bbox 560 1741 601 1744; x_wconf 88' lang='lat'><strong>—</strong></span> <span class='ocrx_word' id='word_1_148' title='bbox 636 1722 703 1755; x_wconf 73' lang='lat'>952</span> <span class='ocrx_word' id='word_1_149' title='bbox 735 1719 875 1754; x_wconf 81' lang='lat' dir='ltr'>lacuna</span> <span class='ocrx_word' id='word_1_150' title='bbox 907 1719 947 1753; x_wconf 85' lang='lat' dir='ltr'>in</span> <span class='ocrx_word' id='word_1_151' title='bbox 974 1728 995 1753; x_wconf 94' lang='lat' dir='ltr'>o</span> <span class='ocrx_word' id='word_1_152' title='bbox 1036 1718 1065 1760; x_wconf 89' lang='lat'>(:</span> <span class='ocrx_word' id='word_1_153' title='bbox 1098 1730 1118 1751; x_wconf 67' lang='lat' dir='ltr'>r</span> <span class='ocrx_word' id='word_1_154' title='bbox 1144 1717 1183 1751; x_wconf 82' lang='lat' dir='ltr'>iu</span> <span class='ocrx_word' id='word_1_155' title='bbox 1217 1726 1336 1760; x_wconf 81' lang='lat' dir='ltr'>marg.</span> <span class='ocrx_word' id='word_1_156' title='bbox 1366 1715 1393 1757; x_wconf 92' lang='lat' dir='ltr'>l)</span> <span class='ocrx_word' id='word_1_157' title='bbox 1432 1715 1472 1750; x_wconf 87' lang='lat' dir='ltr'>in</span> <span class='ocrx_word' id='word_1_158' title='bbox 1504 1724 1528 1758; x_wconf 81' lang='lat' dir='ltr'>g</span> <span class='ocrx_word' id='word_1_159' title='bbox 1564 1713 1674 1749; x_wconf 81' lang='lat' dir='ltr'>addit</span> <span class='ocrx_word' id='word_1_160' title='bbox 1705 1722 1806 1748; x_wconf 83' lang='lat' dir='ltr'>man.</span> <span class='ocrx_word' id='word_1_161' title='bbox 1838 1722 1912 1747; x_wconf 84' lang='lat' dir='ltr'>rec.</span> 
     </span>
     <span class='ocr_line' id='line_1_23' title="bbox 177 1778 1912 1832; baseline -0.007 -8"><span class='ocrx_word' id='word_1_162' title='bbox 177 1788 351 1832; x_wconf 73' lang='lat' dir='ltr'>mortique</span> <span class='ocrx_word' id='word_1_163' title='bbox 382 1787 516 1822; x_wconf 76' lang='lat' dir='ltr'>locatur</span> <span class='ocrx_word' id='word_1_164' title='bbox 555 1806 596 1810; x_wconf 88' lang='lat'>—</span> <span class='ocrx_word' id='word_1_165' title='bbox 631 1788 698 1821; x_wconf 69' lang='lat'>953</span> <span class='ocrx_word' id='word_1_166' title='bbox 730 1785 811 1820; x_wconf 73' lang='lat' dir='ltr'>hinc</span> <span class='ocrx_word' id='word_1_167' title='bbox 835 1794 855 1819; x_wconf 90' lang='lat' dir='ltr'>o</span> <span class='ocrx_word' id='word_1_168' title='bbox 890 1784 961 1827; x_wconf 66' lang='lat' dir='ltr'>(hic</span> <span class='ocrx_word' id='word_1_169' title='bbox 990 1784 1026 1825; x_wconf 83' lang='lat' dir='ltr'>c)</span> <span class='ocrx_word' id='word_1_170' title='bbox 1071 1802 1112 1805; x_wconf 87' lang='lat'>——</span> <span class='ocrx_word' id='word_1_171' title='bbox 1153 1783 1218 1816; x_wconf 71' lang='lat'>954</span> <span class='ocrx_word' id='word_1_172' title='bbox 1251 1780 1408 1825; x_wconf 61' lang='lat' dir='ltr'>sawrz&#39;pit</span> <span class='ocrx_word' id='word_1_173' title='bbox 1435 1791 1459 1824; x_wconf 76' lang='lat' dir='ltr'><strong>g</strong></span> <span class='ocrx_word' id='word_1_174' title='bbox 1495 1799 1541 1803; x_wconf 87' lang='lat'>—-</span> <span class='ocrx_word' id='word_1_175' title='bbox 1579 1780 1645 1814; x_wconf 82' lang='lat'>955</span> <span class='ocrx_word' id='word_1_176' title='bbox 1676 1778 1792 1823; x_wconf 79' lang='lat' dir='ltr'>ipsam</span> <span class='ocrx_word' id='word_1_177' title='bbox 1815 1787 1836 1812; x_wconf 93' lang='lat' dir='ltr'>o</span> <span class='ocrx_word' id='word_1_178' title='bbox 1870 1797 1912 1801; x_wconf 95' lang='lat'>—</span> 
     </span>
    </p>
   </div>
   <div class='ocr_carea' id='block_1_4' title="bbox 180 1833 1912 1913">
    <p class='ocr_par' dir='ltr' id='par_1_10' title="bbox 180 1833 1912 1913">
     <span class='ocr_line' id='line_1_24' title="bbox 180 1833 1912 1913; baseline -0.006 -7"><span class='ocrx_word' id='word_1_179' title='bbox 180 1873 248 1907; x_wconf 81' lang='lat'>958</span> <span class='ocrx_word' id='word_1_180' title='bbox 267 1872 555 1913; x_wconf 70' lang='lat' dir='ltr'>consummatque</span> <span class='ocrx_word' id='word_1_181' title='bbox 568 1869 627 1904; x_wconf 90' lang='lat' dir='ltr'>lm</span> <span class='ocrx_word' id='word_1_182' title='bbox 651 1869 899 1911; x_wconf 73' lang='lat' dir='ltr'>consmnatque</span> <span class='ocrx_word' id='word_1_183' title='bbox 913 1876 966 1910; x_wconf 81' lang='lat' dir='ltr'>gc</span> <span class='ocrx_word' id='word_1_184' title='bbox 979 1833 1077 1911; x_wconf 46' lang='lat'>{2221</span> <span class='ocrx_word' id='word_1_185' title='bbox 1095 1866 1162 1909; x_wconf 63' lang='lat' dir='ltr'>lege</span> <span class='ocrx_word' id='word_1_186' title='bbox 1176 1875 1211 1898; x_wconf 80' lang='lat' dir='ltr'>ln</span> <span class='ocrx_word' id='word_1_187' title='bbox 1233 1864 1313 1898; x_wconf 74' lang='lat' dir='ltr'>talis</span> <span class='ocrx_word' id='word_1_188' title='bbox 1324 1863 1386 1898; x_wconf 77' lang='lat' dir='ltr'>sub</span> <span class='ocrx_word' id='word_1_189' title='bbox 1399 1865 1499 1898; x_wconf 73' lang='lat' dir='ltr'>nocte</span> <span class='ocrx_word' id='word_1_190' title='bbox 1513 1872 1565 1907; x_wconf 78' lang='lat' dir='ltr'>gc</span> <span class='ocrx_word' id='word_1_191' title='bbox 1585 1881 1627 1886; x_wconf 92' lang='lat'>—</span> <span class='ocrx_word' id='word_1_192' title='bbox 1646 1862 1714 1896; x_wconf 75' lang='lat'>959</span> <span class='ocrx_word' id='word_1_193' title='bbox 1728 1872 1815 1906; x_wconf 79' lang='lat' dir='ltr'>quas</span> <span class='ocrx_word' id='word_1_194' title='bbox 1829 1871 1850 1895; x_wconf 96' lang='lat' dir='ltr'>o</span> <span class='ocrx_word' id='word_1_195' title='bbox 1870 1880 1912 1884; x_wconf 95' lang='lat'>—</span> 
     </span>
    </p>
   </div>
   <div class='ocr_carea' id='block_1_5' title="bbox 181 1927 1916 2176">
    <p class='ocr_par' dir='ltr' id='par_1_11' title="bbox 181 1927 1916 2176">
     <span class='ocr_line' id='line_1_25' title="bbox 181 1927 1913 1980; baseline -0.006 -8"><span class='ocrx_word' id='word_1_196' title='bbox 181 1939 247 1972; x_wconf 79' lang='lat'>962</span> <span class='ocrx_word' id='word_1_197' title='bbox 274 1937 492 1980; x_wconf 72' lang='lat' dir='ltr'>lustrantque</span> <span class='ocrx_word' id='word_1_198' title='bbox 511 1945 547 1969; x_wconf 91' lang='lat' dir='ltr'>m</span> <span class='ocrx_word' id='word_1_199' title='bbox 580 1936 658 1978; x_wconf 75' lang='lat' dir='ltr'>(que</span> <span class='ocrx_word' id='word_1_200' title='bbox 683 1934 756 1968; x_wconf 87' lang='lat' dir='ltr'>del.</span> <span class='ocrx_word' id='word_1_201' title='bbox 786 1932 897 1974; x_wconf 83' lang='lat' dir='ltr'>corr.)</span> <span class='ocrx_word' id='word_1_202' title='bbox 931 1951 974 1955; x_wconf 89' lang='lat'>-—</span> <span class='ocrx_word' id='word_1_203' title='bbox 1007 1933 1075 1965; x_wconf 73' lang='lat'>964</span> <span class='ocrx_word' id='word_1_204' title='bbox 1100 1929 1296 1965; x_wconf 71' lang='lat' dir='ltr'>subsistunt</span> <span class='ocrx_word' id='word_1_205' title='bbox 1318 1940 1342 1973; x_wconf 84' lang='lat' dir='ltr'><strong>g</strong></span> <span class='ocrx_word' id='word_1_206' title='bbox 1367 1928 1556 1963; x_wconf 72' lang='lat' dir='ltr'>subsidunt</span> <span class='ocrx_word' id='word_1_207' title='bbox 1578 1939 1604 1959; x_wconf 84' lang='grc' dir='ltr'>ω</span> <span class='ocrx_word' id='word_1_208' title='bbox 1639 1947 1681 1950; x_wconf 87' lang='grc'>-</span> <span class='ocrx_word' id='word_1_209' title='bbox 1716 1928 1781 1961; x_wconf 83' lang='grc'>967</span> <span class='ocrx_word' id='word_1_210' title='bbox 1815 1927 1913 1971; x_wconf 78' lang='lat' dir='ltr'>effec-</span> 
     </span>
     <span class='ocr_line' id='line_1_26' title="bbox 181 1991 1914 2046; baseline -0.006 -9"><span class='ocrx_word' id='word_1_211' title='bbox 181 2001 327 2046; x_wconf 67' lang='lat' dir='ltr'>tbsquel</span> <span class='ocrx_word' id='word_1_212' title='bbox 351 2002 549 2046; x_wconf 67' lang='lat' dir='ltr'>effectosque</span> <span class='ocrx_word' id='word_1_213' title='bbox 567 2010 603 2034; x_wconf 75' lang='lat' dir='ltr'>in</span> <span class='ocrx_word' id='word_1_214' title='bbox 633 2018 672 2022; x_wconf 88' lang='lat'>--—</span> <span class='ocrx_word' id='word_1_215' title='bbox 699 2000 765 2033; x_wconf 64' lang='lat'>968</span> <span class='ocrx_word' id='word_1_216' title='bbox 799 1998 870 2043; x_wconf 65' lang='lat' dir='ltr'>Qui</span> <span class='ocrx_word' id='word_1_217' title='bbox 888 2007 908 2031; x_wconf 85' lang='lat' dir='ltr'>o</span> <span class='ocrx_word' id='word_1_218' title='bbox 931 2008 1046 2031; x_wconf 76' lang='lat' dir='ltr'>arcem</span> <span class='ocrx_word' id='word_1_219' title='bbox 1065 2006 1088 2039; x_wconf 79' lang='lat' dir='ltr'>g</span> <span class='ocrx_word' id='word_1_220' title='bbox 1115 2014 1156 2018; x_wconf 88' lang='lat'>-—</span> <span class='ocrx_word' id='word_1_221' title='bbox 1182 1996 1249 2029; x_wconf 76' lang='lat'>969</span> <span class='ocrx_word' id='word_1_222' title='bbox 1272 1996 1462 2038; x_wconf 69' lang='lat' dir='ltr'>octotropos</span> <span class='ocrx_word' id='word_1_223' title='bbox 1479 2002 1500 2027; x_wconf 92' lang='lat' dir='ltr'>o</span> <span class='ocrx_word' id='word_1_224' title='bbox 1524 1992 1614 2037; x_wconf 75' lang='lat' dir='ltr'>quod</span> <span class='ocrx_word' id='word_1_225' title='bbox 1631 2002 1652 2028; x_wconf 96' lang='lat' dir='ltr'>o</span> <span class='ocrx_word' id='word_1_226' title='bbox 1679 1991 1914 2037; x_wconf 85' lang='lat' dir='ltr'>subscriptio</span> 
     </span>
     <span class='ocr_line' id='line_1_27' title="bbox 182 2056 1916 2109; baseline -0.006 -7"><span class='ocrx_word' id='word_1_227' title='bbox 182 2066 290 2102; x_wconf 88' lang='lat' dir='ltr'>nulla</span> <span class='ocrx_word' id='word_1_228' title='bbox 320 2066 360 2101; x_wconf 87' lang='lat' dir='ltr'>in</span> <span class='ocrx_word' id='word_1_229' title='bbox 392 2066 405 2100; x_wconf 93' lang='lat' dir='ltr'>l</span> <span class='ocrx_word' id='word_1_230' title='bbox 447 2066 558 2109; x_wconf 65' lang='lat' dir='ltr'>explic</span> <span class='ocrx_word' id='word_1_231' title='bbox 588 2056 634 2099; x_wconf 61' lang='lat' dir='ltr'>lili</span> <span class='ocrx_word' id='word_1_232' title='bbox 665 2064 739 2100; x_wconf 72' lang='lat' dir='ltr'>sads</span> <span class='ocrx_word' id='word_1_233' title='bbox 769 2062 921 2107; x_wconf 72' lang='lat' dir='ltr'>prefatio</span> <span class='ocrx_word' id='word_1_234' title='bbox 952 2062 1034 2096; x_wconf 71' lang='lat' dir='ltr'>libri</span> <span class='ocrx_word' id='word_1_235' title='bbox 1066 2061 1162 2095; x_wconf 69' lang='lat' dir='ltr'>tertii</span> <span class='ocrx_word' id='word_1_236' title='bbox 1195 2070 1219 2103; x_wconf 79' lang='lat' dir='ltr'>g</span> <span class='ocrx_word' id='word_1_237' title='bbox 1260 2058 1311 2093; x_wconf 89' lang='lat' dir='ltr'>M.</span> <span class='ocrx_word' id='word_1_238' title='bbox 1340 2057 1474 2093; x_wconf 64' lang='lat' dir='ltr'>Manlii</span> <span class='ocrx_word' id='word_1_239' title='bbox 1504 2057 1619 2092; x_wconf 73' lang='lat' dir='ltr'>Boeni</span> <span class='ocrx_word' id='word_1_240' title='bbox 1644 2057 1916 2093; x_wconf 75' lang='lat' dir='ltr'>Astronomieon</span> 
     </span>
     <span class='ocr_line' id='line_1_28' title="bbox 181 2124 1225 2176; baseline -0.009 -8"><span class='ocrx_word' id='word_1_241' title='bbox 181 2133 267 2168; x_wconf 75' lang='lat' dir='ltr'>liber</span> <span class='ocrx_word' id='word_1_242' title='bbox 294 2132 344 2167; x_wconf 91' lang='lat' dir='ltr'>II</span> <span class='ocrx_word' id='word_1_243' title='bbox 364 2132 504 2176; x_wconf 65' lang='lat' dir='ltr'>eoeplvsseit</span> <span class='ocrx_word' id='word_1_244' title='bbox 527 2130 641 2174; x_wconf 75' lang='lat' dir='ltr'>felicit</span> <span class='ocrx_word' id='word_1_245' title='bbox 663 2129 788 2172; x_wconf 67' lang='lat' dir='ltr'>incipit</span> <span class='ocrx_word' id='word_1_246' title='bbox 815 2127 942 2163; x_wconf 70' lang='lat' dir='ltr'>tertius</span> <span class='ocrx_word' id='word_1_247' title='bbox 960 2137 997 2161; x_wconf 88' lang='lat' dir='ltr'>m</span> <span class='ocrx_word' id='word_1_248' title='bbox 1025 2124 1142 2170; x_wconf 76' lang='lat' dir='ltr'>(maj.)</span> <span class='ocrx_word' id='word_1_249' title='bbox 1171 2136 1225 2169; x_wconf 79' lang='lat' dir='ltr'>u2.</span> 
     </span>
    </p>
   </div>
  </div>
 </body>
</html>
