<?xml version="1.0" encoding="UTF-8"?>
<!DOCTYPE html PUBLIC "-//W3C//DTD XHTML 1.0 Transitional//EN"
    "http://www.w3.org/TR/xhtml1/DTD/xhtml1-transitional.dtd">
<html xmlns="http://www.w3.org/1999/xhtml" xml:lang="en" lang="en">
 <head>
  <title>
</title>
<meta http-equiv="Content-Type" content="text/html;charset=utf-8" />
  <meta name='ocr-system' content='tesseract 3.04.00' />
  <meta name='ocr-capabilities' content='ocr_page ocr_carea ocr_par ocr_line ocrx_word'/>
</head>
<body>
  <div class='ocr_page' id='page_1' title='image "astronomicahrsgv00maniuoft_0035.png"; bbox 0 0 2106 3334; ppageno 0'>
   <div class='ocr_carea' id='block_1_1' title="bbox 760 117 1829 162">
    <p class='ocr_par' dir='ltr' id='par_1_1' title="bbox 760 117 1829 162">
     <span class='ocr_line' id='line_1_1' title="bbox 760 117 1829 162; baseline -0.002 -8"><span class='ocrx_word' id='word_1_1' title='bbox 760 117 872 154; x_wconf 83' lang='lat' dir='ltr'>Liber</span> <span class='ocrx_word' id='word_1_2' title='bbox 897 118 923 153; x_wconf 95' lang='lat' dir='ltr'>I.</span> <span class='ocrx_word' id='word_1_3' title='bbox 975 119 1173 154; x_wconf 80' lang='lat'>373-402.</span> <span class='ocrx_word' id='word_1_4' title='bbox 1778 120 1829 162; x_wconf 80' lang='lat'>13</span> 
     </span>
    </p>
   </div>
   <div class='ocr_carea' id='block_1_2' title="bbox 240 261 1660 2377">
    <p class='ocr_par' dir='ltr' id='par_1_2' title="bbox 316 261 1373 389">
     <span class='ocr_line' id='line_1_2' title="bbox 386 261 1373 317; baseline -0.002 -14"><span class='ocrx_word' id='word_1_5' title='bbox 386 261 526 317; x_wconf 83' lang='lat' dir='ltr'>aspice</span> <span class='ocrx_word' id='word_1_6' title='bbox 558 275 669 302; x_wconf 87' lang='lat' dir='ltr'>nunc</span> <span class='ocrx_word' id='word_1_7' title='bbox 701 261 813 302; x_wconf 88' lang='lat' dir='ltr'>infra</span> <span class='ocrx_word' id='word_1_8' title='bbox 846 261 945 302; x_wconf 89' lang='lat' dir='ltr'>solis</span> <span class='ocrx_word' id='word_1_9' title='bbox 977 261 1194 316; x_wconf 85' lang='lat' dir='ltr'>surgentia</span> <span class='ocrx_word' id='word_1_10' title='bbox 1226 274 1373 301; x_wconf 87' lang='lat' dir='ltr'>cursus</span> 
     </span>
     <span class='ocr_line' id='line_1_3' title="bbox 316 332 1366 389; baseline -0.002 -15"><span class='ocrx_word' id='word_1_11' title='bbox 316 348 424 389; x_wconf 86' lang='lat' dir='ltr'>quae</span> <span class='ocrx_word' id='word_1_12' title='bbox 457 347 584 388; x_wconf 87' lang='lat' dir='ltr'>super</span> <span class='ocrx_word' id='word_1_13' title='bbox 616 336 784 374; x_wconf 80' lang='lat' dir='ltr'>exustas</span> <span class='ocrx_word' id='word_1_14' title='bbox 815 333 1016 373; x_wconf 86' lang='lat' dir='ltr'>labuntur</span> <span class='ocrx_word' id='word_1_15' title='bbox 1048 332 1187 373; x_wconf 89' lang='lat' dir='ltr'>sidera</span> <span class='ocrx_word' id='word_1_16' title='bbox 1218 335 1366 383; x_wconf 84' lang='lat' dir='ltr'>terras,</span> 
     </span>
    </p>

    <p class='ocr_par' dir='ltr' id='par_1_3' title="bbox 243 403 1484 728">
     <span class='ocr_line' id='line_1_4' title="bbox 243 403 1471 459; baseline -0.001 -16"><span class='ocrx_word' id='word_1_17' title='bbox 243 419 295 444; x_wconf 74' lang='lat'>375</span> <span class='ocrx_word' id='word_1_18' title='bbox 315 418 509 459; x_wconf 87' lang='lat' dir='ltr'>quaeque</span> <span class='ocrx_word' id='word_1_19' title='bbox 540 404 651 445; x_wconf 86' lang='lat' dir='ltr'>inter</span> <span class='ocrx_word' id='word_1_20' title='bbox 682 404 868 457; x_wconf 88' lang='lat' dir='ltr'>gelidum</span> <span class='ocrx_word' id='word_1_21' title='bbox 902 403 1139 458; x_wconf 82' lang='lat' dir='ltr'>capricorni</span> <span class='ocrx_word' id='word_1_22' title='bbox 1172 403 1288 443; x_wconf 90' lang='lat' dir='ltr'>sidus</span> <span class='ocrx_word' id='word_1_23' title='bbox 1320 407 1361 443; x_wconf 83' lang='lat' dir='ltr'>et</span> <span class='ocrx_word' id='word_1_24' title='bbox 1393 416 1471 442; x_wconf 82' lang='lat' dir='ltr'>axe</span> 
     </span>
     <span class='ocr_line' id='line_1_5' title="bbox 315 474 1357 525; baseline -0.002 -9"><span class='ocrx_word' id='word_1_25' title='bbox 315 476 398 516; x_wconf 86' lang='lat' dir='ltr'>imo</span> <span class='ocrx_word' id='word_1_26' title='bbox 432 475 658 516; x_wconf 83' lang='lat' dir='ltr'>subnixum</span> <span class='ocrx_word' id='word_1_27' title='bbox 690 479 916 516; x_wconf 89' lang='lat' dir='ltr'>uertuntur</span> <span class='ocrx_word' id='word_1_28' title='bbox 946 475 1107 515; x_wconf 87' lang='lat' dir='ltr'>lumina</span> <span class='ocrx_word' id='word_1_29' title='bbox 1138 474 1357 525; x_wconf 83' lang='lat' dir='ltr'>mundum,</span> 
     </span>
     <span class='ocr_line' id='line_1_6' title="bbox 312 545 1399 600; baseline -0.002 -14"><span class='ocrx_word' id='word_1_30' title='bbox 312 546 446 587; x_wconf 85' lang='lat' dir='ltr'>altera</span> <span class='ocrx_word' id='word_1_31' title='bbox 477 559 575 600; x_wconf 87' lang='lat' dir='ltr'>pars</span> <span class='ocrx_word' id='word_1_32' title='bbox 608 545 721 586; x_wconf 88' lang='lat' dir='ltr'>orbis</span> <span class='ocrx_word' id='word_1_33' title='bbox 754 546 830 586; x_wconf 89' lang='lat' dir='ltr'>sub</span> <span class='ocrx_word' id='word_1_34' title='bbox 864 546 958 599; x_wconf 90' lang='lat' dir='ltr'>quis</span> <span class='ocrx_word' id='word_1_35' title='bbox 989 545 1098 586; x_wconf 81' lang='lat' dir='ltr'>iacet</span> <span class='ocrx_word' id='word_1_36' title='bbox 1129 545 1246 585; x_wconf 88' lang='lat' dir='ltr'>inuia</span> <span class='ocrx_word' id='word_1_37' title='bbox 1278 545 1399 585; x_wconf 83' lang='lat' dir='ltr'>nobis</span> 
     </span>
     <span class='ocr_line' id='line_1_7' title="bbox 313 616 1484 670; baseline -0.002 -13"><span class='ocrx_word' id='word_1_38' title='bbox 313 617 568 670; x_wconf 74' lang='lat' dir='ltr'>ignotaeque</span> <span class='ocrx_word' id='word_1_39' title='bbox 600 616 820 657; x_wconf 88' lang='lat' dir='ltr'>hominum</span> <span class='ocrx_word' id='word_1_40' title='bbox 852 620 1000 670; x_wconf 88' lang='lat' dir='ltr'>gentes</span> <span class='ocrx_word' id='word_1_41' title='bbox 1034 630 1109 656; x_wconf 91' lang='lat' dir='ltr'>nec</span> <span class='ocrx_word' id='word_1_42' title='bbox 1143 616 1317 656; x_wconf 85' lang='lat' dir='ltr'>transita</span> <span class='ocrx_word' id='word_1_43' title='bbox 1351 629 1484 669; x_wconf 84' lang='lat' dir='ltr'>regna</span> 
     </span>
     <span class='ocr_line' id='line_1_8' title="bbox 315 686 1263 728; baseline -0.001 -1"><span class='ocrx_word' id='word_1_44' title='bbox 315 701 539 728; x_wconf 86' lang='lat' dir='ltr'>commune</span> <span class='ocrx_word' id='word_1_45' title='bbox 572 702 622 727; x_wconf 80' lang='lat' dir='ltr'>ex</span> <span class='ocrx_word' id='word_1_46' title='bbox 652 701 735 727; x_wconf 86' lang='lat' dir='ltr'>uno</span> <span class='ocrx_word' id='word_1_47' title='bbox 768 687 911 727; x_wconf 90' lang='lat' dir='ltr'>lumen</span> <span class='ocrx_word' id='word_1_48' title='bbox 945 686 1143 727; x_wconf 79' lang='lat' dir='ltr'>ducentia</span> <span class='ocrx_word' id='word_1_49' title='bbox 1176 686 1263 726; x_wconf 86' lang='lat' dir='ltr'>sole</span> 
     </span>
    </p>

    <p class='ocr_par' dir='ltr' id='par_1_4' title="bbox 242 756 1523 1092">
     <span class='ocr_line' id='line_1_9' title="bbox 242 756 1414 812; baseline -0.002 -14"><span class='ocrx_word' id='word_1_50' title='bbox 242 772 294 799; x_wconf 76' lang='lat'>380</span> <span class='ocrx_word' id='word_1_51' title='bbox 315 757 589 812; x_wconf 84' lang='lat' dir='ltr'>diuersasque</span> <span class='ocrx_word' id='word_1_52' title='bbox 620 758 792 798; x_wconf 88' lang='lat' dir='ltr'>umbras</span> <span class='ocrx_word' id='word_1_53' title='bbox 824 757 1033 810; x_wconf 87' lang='lat' dir='ltr'>laeuaque</span> <span class='ocrx_word' id='word_1_54' title='bbox 1067 756 1262 797; x_wconf 81' lang='lat' dir='ltr'>cadentia</span> <span class='ocrx_word' id='word_1_55' title='bbox 1295 757 1414 810; x_wconf 87' lang='lat' dir='ltr'>signa</span> 
     </span>
     <span class='ocr_line' id='line_1_10' title="bbox 313 827 1291 882; baseline -0.003 -13"><span class='ocrx_word' id='word_1_56' title='bbox 313 832 355 869; x_wconf 88' lang='lat' dir='ltr'>et</span> <span class='ocrx_word' id='word_1_57' title='bbox 386 828 554 869; x_wconf 82' lang='lat' dir='ltr'>dextros</span> <span class='ocrx_word' id='word_1_58' title='bbox 588 831 703 868; x_wconf 87' lang='lat' dir='ltr'>ortus</span> <span class='ocrx_word' id='word_1_59' title='bbox 736 827 853 868; x_wconf 88' lang='lat' dir='ltr'>caelo</span> <span class='ocrx_word' id='word_1_60' title='bbox 888 827 1121 882; x_wconf 77' lang='lat' dir='ltr'>spectantia</span> <span class='ocrx_word' id='word_1_61' title='bbox 1155 841 1291 867; x_wconf 88' lang='lat' dir='ltr'>uerso.</span> 
     </span>
     <span class='ocr_line' id='line_1_11' title="bbox 313 898 1448 952; baseline -0.003 -12"><span class='ocrx_word' id='word_1_62' title='bbox 313 913 390 940; x_wconf 85' lang='lat' dir='ltr'>nec</span> <span class='ocrx_word' id='word_1_63' title='bbox 422 900 560 939; x_wconf 87' lang='lat' dir='ltr'>minor</span> <span class='ocrx_word' id='word_1_64' title='bbox 592 904 656 939; x_wconf 89' lang='lat' dir='ltr'>est</span> <span class='ocrx_word' id='word_1_65' title='bbox 685 898 768 938; x_wconf 90' lang='lat' dir='ltr'>illis</span> <span class='ocrx_word' id='word_1_66' title='bbox 800 898 983 939; x_wconf 87' lang='lat' dir='ltr'>muudus</span> <span class='ocrx_word' id='word_1_67' title='bbox 1015 911 1093 939; x_wconf 85' lang='lat' dir='ltr'>neo</span> <span class='ocrx_word' id='word_1_68' title='bbox 1125 898 1285 938; x_wconf 85' lang='lat' dir='ltr'>lumine</span> <span class='ocrx_word' id='word_1_69' title='bbox 1318 898 1448 952; x_wconf 78' lang='lat' dir='ltr'>peior,</span> 
     </span>
     <span class='ocr_line' id='line_1_12' title="bbox 312 968 1523 1010; baseline -0.002 0"><span class='ocrx_word' id='word_1_70' title='bbox 312 984 390 1010; x_wconf 89' lang='lat' dir='ltr'>nec</span> <span class='ocrx_word' id='word_1_71' title='bbox 423 984 650 1010; x_wconf 86' lang='lat' dir='ltr'>numerosa</span> <span class='ocrx_word' id='word_1_72' title='bbox 683 970 820 1010; x_wconf 87' lang='lat' dir='ltr'>minus</span> <span class='ocrx_word' id='word_1_73' title='bbox 852 973 1086 1010; x_wconf 85' lang='lat' dir='ltr'>nascuntur</span> <span class='ocrx_word' id='word_1_74' title='bbox 1117 969 1256 1009; x_wconf 86' lang='lat' dir='ltr'>sidera</span> <span class='ocrx_word' id='word_1_75' title='bbox 1288 969 1331 1009; x_wconf 88' lang='lat' dir='ltr'>iu</span> <span class='ocrx_word' id='word_1_76' title='bbox 1366 968 1523 1009; x_wconf 87' lang='lat' dir='ltr'>orbem.</span> 
     </span>
     <span class='ocr_line' id='line_1_13' title="bbox 313 1040 1396 1092; baseline -0.002 -11"><span class='ocrx_word' id='word_1_77' title='bbox 313 1045 453 1081; x_wconf 88' lang='lat' dir='ltr'>cetera</span> <span class='ocrx_word' id='word_1_78' title='bbox 485 1055 569 1082; x_wconf 88' lang='lat' dir='ltr'>non</span> <span class='ocrx_word' id='word_1_79' title='bbox 603 1041 776 1092; x_wconf 80' lang='lat' dir='ltr'>cedunt3</span> <span class='ocrx_word' id='word_1_80' title='bbox 810 1055 894 1081; x_wconf 89' lang='lat' dir='ltr'>uno</span> <span class='ocrx_word' id='word_1_81' title='bbox 928 1040 1157 1081; x_wconf 84' lang='lat' dir='ltr'>uincuntur</span> <span class='ocrx_word' id='word_1_82' title='bbox 1188 1040 1230 1080; x_wconf 86' lang='lat' dir='ltr'>in</span> <span class='ocrx_word' id='word_1_83' title='bbox 1263 1043 1396 1080; x_wconf 83' lang='lat' dir='ltr'>astro:</span> 
     </span>
    </p>

    <p class='ocr_par' dir='ltr' id='par_1_5' title="bbox 241 1108 1528 1451">
     <span class='ocr_line' id='line_1_14' title="bbox 241 1108 1355 1164; baseline 0 -15"><span class='ocrx_word' id='word_1_84' title='bbox 241 1127 293 1152; x_wconf 75' lang='lat'>385</span> <span class='ocrx_word' id='word_1_85' title='bbox 313 1110 525 1164; x_wconf 67' lang='lat' dir='ltr'>Auyusto,</span> <span class='ocrx_word' id='word_1_86' title='bbox 559 1109 684 1151; x_wconf 72' lang='lat' dir='ltr'>sidus</span> <span class='ocrx_word' id='word_1_87' title='bbox 716 1112 862 1151; x_wconf 71' lang='lat' dir='ltr'>nostro</span> <span class='ocrx_word' id='word_1_88' title='bbox 895 1109 1008 1161; x_wconf 69' lang='lat' dir='ltr'>quod</span> <span class='ocrx_word' id='word_1_89' title='bbox 1041 1108 1220 1162; x_wconf 67' lang='lat' dir='ltr'>eoozz‘z&#39;yiz‘</span> <span class='ocrx_word' id='word_1_90' title='bbox 1253 1108 1355 1161; x_wconf 69' lang='lat' dir='ltr'>orbi,</span> 
     </span>
     <span class='ocr_line' id='line_1_15' title="bbox 314 1179 1528 1234; baseline -0.003 -11"><span class='ocrx_word' id='word_1_91' title='bbox 314 1180 475 1223; x_wconf 74' lang='lat' dir='ltr'>Caesar</span> <span class='ocrx_word' id='word_1_92' title='bbox 507 1194 625 1222; x_wconf 71' lang='lat' dir='ltr'>mmo</span> <span class='ocrx_word' id='word_1_93' title='bbox 657 1179 798 1234; x_wconf 71' lang='lat' dir='ltr'>terris,</span> <span class='ocrx_word' id='word_1_94' title='bbox 828 1183 928 1233; x_wconf 75' lang='lat' dir='ltr'>post</span> <span class='ocrx_word' id='word_1_95' title='bbox 961 1180 1075 1221; x_wconf 76' lang='lat' dir='ltr'>eaelo</span> <span class='ocrx_word' id='word_1_96' title='bbox 1107 1179 1332 1220; x_wconf 62' lang='lat' dir='ltr'>maximat-s·</span> <span class='ocrx_word' id='word_1_97' title='bbox 1367 1182 1528 1221; x_wconf 69' lang='lat' dir='ltr'>[metor.</span> 
     </span>
     <span class='ocr_line' id='line_1_16' title="bbox 312 1251 1257 1308; baseline -0.001 -14"><span class='ocrx_word' id='word_1_98' title='bbox 312 1268 485 1295; x_wconf 88' lang='lat' dir='ltr'>cernere</span> <span class='ocrx_word' id='word_1_99' title='bbox 518 1253 707 1295; x_wconf 89' lang='lat' dir='ltr'>uicinum</span> <span class='ocrx_word' id='word_1_100' title='bbox 740 1254 921 1308; x_wconf 87' lang='lat' dir='ltr'>geminis</span> <span class='ocrx_word' id='word_1_101' title='bbox 953 1254 1051 1294; x_wconf 84' lang='lat' dir='ltr'>licet</span> <span class='ocrx_word' id='word_1_102' title='bbox 1085 1251 1257 1305; x_wconf 83' lang='lat' dir='ltr'>Oriona,</span> 
     </span>
     <span class='ocr_line' id='line_1_17' title="bbox 311 1325 1447 1379; baseline -0.001 -13"><span class='ocrx_word' id='word_1_103' title='bbox 311 1326 354 1365; x_wconf 89' lang='lat' dir='ltr'>in</span> <span class='ocrx_word' id='word_1_104' title='bbox 386 1339 587 1379; x_wconf 84' lang='lat' dir='ltr'>magnam</span> <span class='ocrx_word' id='word_1_105' title='bbox 620 1325 727 1366; x_wconf 89' lang='lat' dir='ltr'>caeli</span> <span class='ocrx_word' id='word_1_106' title='bbox 758 1325 1002 1366; x_wconf 85' lang='lat' dir='ltr'>tendentem</span> <span class='ocrx_word' id='word_1_107' title='bbox 1036 1325 1237 1366; x_wconf 88' lang='lat' dir='ltr'>bracchia</span> <span class='ocrx_word' id='word_1_108' title='bbox 1269 1328 1447 1379; x_wconf 79' lang='lat' dir='ltr'>partem,</span> 
     </span>
     <span class='ocr_line' id='line_1_18' title="bbox 311 1396 1476 1451; baseline -0.002 -14"><span class='ocrx_word' id='word_1_109' title='bbox 311 1410 389 1436; x_wconf 87' lang='lat' dir='ltr'>nec</span> <span class='ocrx_word' id='word_1_110' title='bbox 423 1396 562 1437; x_wconf 88' lang='lat' dir='ltr'>minus</span> <span class='ocrx_word' id='word_1_111' title='bbox 595 1400 764 1437; x_wconf 77' lang='lat' dir='ltr'>extento</span> <span class='ocrx_word' id='word_1_112' title='bbox 799 1401 1042 1450; x_wconf 80' lang='lat' dir='ltr'>surgentem</span> <span class='ocrx_word' id='word_1_113' title='bbox 1077 1396 1130 1436; x_wconf 88' lang='lat' dir='ltr'>ad</span> <span class='ocrx_word' id='word_1_114' title='bbox 1163 1396 1303 1436; x_wconf 81' lang='lat' dir='ltr'>sidera</span> <span class='ocrx_word' id='word_1_115' title='bbox 1334 1410 1476 1451; x_wconf 75' lang='lat' dir='ltr'>passu,</span> 
     </span>
    </p>

    <p class='ocr_par' dir='ltr' id='par_1_6' title="bbox 241 1467 1660 1806">
     <span class='ocr_line' id='line_1_19' title="bbox 241 1467 1423 1521; baseline 0 -15"><span class='ocrx_word' id='word_1_116' title='bbox 241 1482 293 1507; x_wconf 67' lang='lat'>390</span> <span class='ocrx_word' id='word_1_117' title='bbox 314 1467 480 1521; x_wconf 86' lang='lat' dir='ltr'>singula</span> <span class='ocrx_word' id='word_1_118' title='bbox 510 1467 710 1521; x_wconf 82' lang='lat' dir='ltr'>fulgentis</span> <span class='ocrx_word' id='word_1_119' title='bbox 745 1481 913 1508; x_wconf 87' lang='lat' dir='ltr'>umeros</span> <span class='ocrx_word' id='word_1_120' title='bbox 947 1467 1013 1507; x_wconf 89' lang='lat' dir='ltr'>cui</span> <span class='ocrx_word' id='word_1_121' title='bbox 1046 1467 1207 1507; x_wconf 85' lang='lat' dir='ltr'>lumina</span> <span class='ocrx_word' id='word_1_122' title='bbox 1240 1467 1423 1520; x_wconf 70' lang='lat' dir='ltr'>signant,</span> 
     </span>
     <span class='ocr_line' id='line_1_20' title="bbox 312 1539 1330 1593; baseline 0.001 -15"><span class='ocrx_word' id='word_1_123' title='bbox 312 1542 353 1578; x_wconf 90' lang='lat' dir='ltr'>et</span> <span class='ocrx_word' id='word_1_124' title='bbox 385 1539 518 1579; x_wconf 87' lang='lat' dir='ltr'>tribus</span> <span class='ocrx_word' id='word_1_125' title='bbox 551 1539 733 1593; x_wconf 83' lang='lat' dir='ltr'>obliquis</span> <span class='ocrx_word' id='word_1_126' title='bbox 766 1539 974 1580; x_wconf 85' lang='lat' dir='ltr'>demissus</span> <span class='ocrx_word' id='word_1_127' title='bbox 1007 1539 1175 1579; x_wconf 84' lang='lat' dir='ltr'>ducitur</span> <span class='ocrx_word' id='word_1_128' title='bbox 1208 1539 1330 1579; x_wconf 78' lang='lat' dir='ltr'>ensis.</span> 
     </span>
     <span class='ocr_line' id='line_1_21' title="bbox 313 1609 1339 1664; baseline 0 -15"><span class='ocrx_word' id='word_1_129' title='bbox 313 1614 355 1649; x_wconf 88' lang='lat' dir='ltr'>at</span> <span class='ocrx_word' id='word_1_130' title='bbox 388 1615 515 1664; x_wconf 82' lang='lat' dir='ltr'>caput</span> <span class='ocrx_word' id='word_1_131' title='bbox 548 1609 681 1651; x_wconf 88' lang='lat' dir='ltr'>Orion</span> <span class='ocrx_word' id='word_1_132' title='bbox 715 1610 880 1651; x_wconf 71' lang='lat' dir='ltr'>excelso</span> <span class='ocrx_word' id='word_1_133' title='bbox 914 1611 1124 1651; x_wconf 90' lang='lat' dir='ltr'>inmersus</span> <span class='ocrx_word' id='word_1_134' title='bbox 1158 1610 1339 1664; x_wconf 74' lang='lat' dir='ltr'>Olympo</span> 
     </span>
     <span class='ocr_line' id='line_1_22' title="bbox 311 1681 1330 1735; baseline 0.001 -15"><span class='ocrx_word' id='word_1_135' title='bbox 311 1694 387 1735; x_wconf 86' lang='lat' dir='ltr'>per</span> <span class='ocrx_word' id='word_1_136' title='bbox 418 1681 499 1721; x_wconf 90' lang='lat' dir='ltr'>tria</span> <span class='ocrx_word' id='word_1_137' title='bbox 532 1681 738 1722; x_wconf 86' lang='lat' dir='ltr'>subducto</span> <span class='ocrx_word' id='word_1_138' title='bbox 772 1681 964 1735; x_wconf 83' lang='lat' dir='ltr'>signatur</span> <span class='ocrx_word' id='word_1_139' title='bbox 995 1681 1157 1721; x_wconf 84' lang='lat' dir='ltr'>lumina</span> <span class='ocrx_word' id='word_1_140' title='bbox 1190 1681 1330 1731; x_wconf 82' lang='lat' dir='ltr'>uultu3</span> 
     </span>
     <span class='ocr_line' id='line_1_23' title="bbox 313 1751 1660 1806; baseline 0 -15"><span class='ocrx_word' id='word_1_141' title='bbox 313 1765 396 1792; x_wconf 90' lang='lat' dir='ltr'>non</span> <span class='ocrx_word' id='word_1_142' title='bbox 429 1752 542 1806; x_wconf 90' lang='lat' dir='ltr'>quod</span> <span class='ocrx_word' id='word_1_143' title='bbox 575 1752 689 1793; x_wconf 87' lang='lat' dir='ltr'>clara</span> <span class='ocrx_word' id='word_1_144' title='bbox 720 1752 874 1804; x_wconf 83' lang='lat' dir='ltr'>minus,</span> <span class='ocrx_word' id='word_1_145' title='bbox 907 1752 981 1793; x_wconf 91' lang='lat' dir='ltr'>sed</span> <span class='ocrx_word' id='word_1_146' title='bbox 1013 1752 1125 1806; x_wconf 89' lang='lat' dir='ltr'>quod</span> <span class='ocrx_word' id='word_1_147' title='bbox 1158 1751 1294 1806; x_wconf 87' lang='lat' dir='ltr'>magis</span> <span class='ocrx_word' id='word_1_148' title='bbox 1328 1751 1413 1792; x_wconf 87' lang='lat' dir='ltr'>alta</span> <span class='ocrx_word' id='word_1_149' title='bbox 1445 1751 1660 1791; x_wconf 80' lang='lat' dir='ltr'>recedunt.</span> 
     </span>
    </p>

    <p class='ocr_par' dir='ltr' id='par_1_7' title="bbox 240 1823 1489 2163">
     <span class='ocr_line' id='line_1_24' title="bbox 240 1823 1489 1877; baseline 0 -15"><span class='ocrx_word' id='word_1_150' title='bbox 240 1837 291 1862; x_wconf 82' lang='lat'>395</span> <span class='ocrx_word' id='word_1_151' title='bbox 311 1823 390 1864; x_wconf 88' lang='lat' dir='ltr'>hoc</span> <span class='ocrx_word' id='word_1_152' title='bbox 423 1823 529 1864; x_wconf 89' lang='lat' dir='ltr'>duce</span> <span class='ocrx_word' id='word_1_153' title='bbox 562 1837 637 1877; x_wconf 89' lang='lat' dir='ltr'>per</span> <span class='ocrx_word' id='word_1_154' title='bbox 667 1827 803 1864; x_wconf 90' lang='lat' dir='ltr'>totum</span> <span class='ocrx_word' id='word_1_155' title='bbox 837 1823 1067 1864; x_wconf 89' lang='lat' dir='ltr'>decurrunt</span> <span class='ocrx_word' id='word_1_156' title='bbox 1099 1823 1237 1864; x_wconf 87' lang='lat' dir='ltr'>sidera</span> <span class='ocrx_word' id='word_1_157' title='bbox 1270 1823 1489 1863; x_wconf 87' lang='lat' dir='ltr'>mundum.</span> 
     </span>
     <span class='ocr_line' id='line_1_25' title="bbox 313 1894 1395 1949; baseline -0.001 -14"><span class='ocrx_word' id='word_1_158' title='bbox 313 1894 584 1948; x_wconf 83' lang='lat' dir='ltr'>subsequitur</span> <span class='ocrx_word' id='word_1_159' title='bbox 615 1895 763 1949; x_wconf 82' lang='lat' dir='ltr'>rapido</span> <span class='ocrx_word' id='word_1_160' title='bbox 797 1898 997 1936; x_wconf 86' lang='lat' dir='ltr'>contenta</span> <span class='ocrx_word' id='word_1_161' title='bbox 1030 1895 1223 1936; x_wconf 84' lang='lat' dir='ltr'>canicula</span> <span class='ocrx_word' id='word_1_162' title='bbox 1256 1909 1395 1945; x_wconf 71' lang='lat' dir='ltr'>cursu,</span> 
     </span>
     <span class='ocr_line' id='line_1_26' title="bbox 312 1966 1407 2020; baseline -0.001 -14"><span class='ocrx_word' id='word_1_163' title='bbox 312 1979 396 2020; x_wconf 90' lang='lat' dir='ltr'>qua</span> <span class='ocrx_word' id='word_1_164' title='bbox 428 1966 591 2006; x_wconf 87' lang='lat' dir='ltr'>nullum</span> <span class='ocrx_word' id='word_1_165' title='bbox 624 1966 748 2007; x_wconf 88' lang='lat' dir='ltr'>terris</span> <span class='ocrx_word' id='word_1_166' title='bbox 779 1966 1007 2007; x_wconf 88' lang='lat' dir='ltr'>uiolentius</span> <span class='ocrx_word' id='word_1_167' title='bbox 1041 1966 1215 2007; x_wconf 86' lang='lat' dir='ltr'>aduenit</span> <span class='ocrx_word' id='word_1_168' title='bbox 1247 1969 1407 2020; x_wconf 78' lang='lat' dir='ltr'>astrum</span> 
     </span>
     <span class='ocr_line' id='line_1_27' title="bbox 312 2037 1465 2091; baseline -0.001 -13"><span class='ocrx_word' id='word_1_169' title='bbox 312 2051 390 2077; x_wconf 88' lang='lat' dir='ltr'>nec</span> <span class='ocrx_word' id='word_1_170' title='bbox 421 2037 595 2091; x_wconf 87' lang='lat' dir='ltr'>grauius</span> <span class='ocrx_word' id='word_1_171' title='bbox 629 2037 757 2088; x_wconf 81' lang='lat' dir='ltr'>cedit3</span> <span class='ocrx_word' id='word_1_172' title='bbox 791 2051 903 2078; x_wconf 86' lang='lat' dir='ltr'>nunc</span> <span class='ocrx_word' id='word_1_173' title='bbox 933 2037 1107 2078; x_wconf 87' lang='lat' dir='ltr'>horrida</span> <span class='ocrx_word' id='word_1_174' title='bbox 1138 2037 1296 2091; x_wconf 84' lang='lat' dir='ltr'>frigore</span> <span class='ocrx_word' id='word_1_175' title='bbox 1331 2037 1465 2090; x_wconf 86' lang='lat' dir='ltr'>surgit</span> 
     </span>
     <span class='ocr_line' id='line_1_28' title="bbox 312 2108 1398 2163; baseline 0 -15"><span class='ocrx_word' id='word_1_176' title='bbox 312 2121 424 2148; x_wconf 82' lang='lat' dir='ltr'>nune</span> <span class='ocrx_word' id='word_1_177' title='bbox 456 2122 640 2149; x_wconf 89' lang='lat' dir='ltr'>uacuum</span> <span class='ocrx_word' id='word_1_178' title='bbox 673 2109 751 2149; x_wconf 90' lang='lat' dir='ltr'>soli</span> <span class='ocrx_word' id='word_1_179' title='bbox 783 2108 1018 2163; x_wconf 88' lang='lat' dir='ltr'>fulgentem</span> <span class='ocrx_word' id='word_1_180' title='bbox 1052 2109 1209 2149; x_wconf 86' lang='lat' dir='ltr'>deserit</span> <span class='ocrx_word' id='word_1_181' title='bbox 1241 2109 1398 2149; x_wconf 89' lang='lat' dir='ltr'>orbem.</span> 
     </span>
    </p>

    <p class='ocr_par' dir='ltr' id='par_1_8' title="bbox 240 2179 1618 2377">
     <span class='ocr_line' id='line_1_29' title="bbox 240 2179 1618 2234; baseline 0.001 -16"><span class='ocrx_word' id='word_1_182' title='bbox 240 2194 292 2218; x_wconf 81' lang='lat'>400</span> <span class='ocrx_word' id='word_1_183' title='bbox 311 2179 370 2219; x_wconf 90' lang='lat' dir='ltr'>sic</span> <span class='ocrx_word' id='word_1_184' title='bbox 402 2179 444 2220; x_wconf 90' lang='lat' dir='ltr'>in</span> <span class='ocrx_word' id='word_1_185' title='bbox 478 2184 706 2234; x_wconf 86' lang='lat' dir='ltr'>utrumque</span> <span class='ocrx_word' id='word_1_186' title='bbox 738 2183 883 2221; x_wconf 87' lang='lat' dir='ltr'>mouet</span> <span class='ocrx_word' id='word_1_187' title='bbox 914 2180 1120 2221; x_wconf 88' lang='lat' dir='ltr'>mundum</span> <span class='ocrx_word' id='word_1_188' title='bbox 1154 2184 1193 2220; x_wconf 86' lang='lat' dir='ltr'>et</span> <span class='ocrx_word' id='word_1_189' title='bbox 1227 2180 1439 2220; x_wconf 83' lang='lat' dir='ltr'>contraria</span> <span class='ocrx_word' id='word_1_190' title='bbox 1470 2179 1618 2219; x_wconf 82' lang='lat' dir='ltr'>reddit.</span> 
     </span>
     <span class='ocr_line' id='line_1_30' title="bbox 312 2250 1482 2306; baseline 0.001 -16"><span class='ocrx_word' id='word_1_191' title='bbox 312 2250 421 2291; x_wconf 87' lang='lat' dir='ltr'>hanc</span> <span class='ocrx_word' id='word_1_192' title='bbox 455 2251 526 2305; x_wconf 90' lang='lat' dir='ltr'>qui</span> <span class='ocrx_word' id='word_1_193' title='bbox 559 2255 817 2305; x_wconf 81' lang='lat' dir='ltr'>surgentem,</span> <span class='ocrx_word' id='word_1_194' title='bbox 850 2252 987 2306; x_wconf 86' lang='lat' dir='ltr'>primo</span> <span class='ocrx_word' id='word_1_195' title='bbox 1021 2265 1117 2292; x_wconf 91' lang='lat' dir='ltr'>cum</span> <span class='ocrx_word' id='word_1_196' title='bbox 1150 2251 1342 2291; x_wconf 86' lang='lat' dir='ltr'>redditur</span> <span class='ocrx_word' id='word_1_197' title='bbox 1375 2254 1482 2302; x_wconf 67' lang='lat' dir='ltr'>ortu,</span> 
     </span>
     <span class='ocr_line' id='line_1_31' title="bbox 311 2322 1427 2377; baseline 0.001 -16"><span class='ocrx_word' id='word_1_198' title='bbox 311 2322 466 2363; x_wconf 84' lang='lat' dir='ltr'>montis</span> <span class='ocrx_word' id='word_1_199' title='bbox 499 2323 552 2363; x_wconf 86' lang='lat' dir='ltr'>ab</span> <span class='ocrx_word' id='word_1_200' title='bbox 586 2323 751 2363; x_wconf 83' lang='lat' dir='ltr'>excelso</span> <span class='ocrx_word' id='word_1_201' title='bbox 786 2323 1058 2377; x_wconf 86' lang='lat' dir='ltr'>speculantur</span> <span class='ocrx_word' id='word_1_202' title='bbox 1090 2323 1250 2363; x_wconf 79' lang='lat' dir='ltr'>uertice</span> <span class='ocrx_word' id='word_1_203' title='bbox 1283 2322 1427 2373; x_wconf 85' lang='lat' dir='ltr'>Tauri,</span> 
     </span>
    </p>
   </div>
   <div class='ocr_carea' id='block_1_3' title="bbox 100 2462 1834 3026">
    <p class='ocr_par' dir='ltr' id='par_1_9' title="bbox 100 2462 1834 3026">
     <span class='ocr_line' id='line_1_32' title="bbox 242 2462 1834 2507; baseline -0.001 -9"><span class='ocrx_word' id='word_1_204' title='bbox 242 2465 310 2499; x_wconf 80' lang='lat'>373</span> <span class='ocrx_word' id='word_1_205' title='bbox 334 2463 433 2498; x_wconf 73' lang='lat' dir='ltr'>intra</span> <span class='ocrx_word' id='word_1_206' title='bbox 457 2473 478 2497; x_wconf 85' lang='grc'><strong>0</strong></span> <span class='ocrx_word' id='word_1_207' title='bbox 510 2463 712 2507; x_wconf 66' lang='lat' dir='ltr'>capricorni</span> <span class='ocrx_word' id='word_1_208' title='bbox 734 2463 868 2498; x_wconf 75' lang='lat' dir='ltr'>sicubet</span> <span class='ocrx_word' id='word_1_209' title='bbox 889 2473 924 2498; x_wconf 86' lang='grc'>11]</span> <span class='ocrx_word' id='word_1_210' title='bbox 953 2463 1006 2505; x_wconf 88' lang='lat' dir='ltr'>(in</span> <span class='ocrx_word' id='word_1_211' title='bbox 1035 2473 1155 2507; x_wconf 84' lang='lat' dir='ltr'>marg.</span> <span class='ocrx_word' id='word_1_212' title='bbox 1184 2463 1293 2506; x_wconf 78' lang='lat' dir='ltr'>corr.)</span> <span class='ocrx_word' id='word_1_213' title='bbox 1318 2475 1418 2498; x_wconf 69' lang='lat' dir='ltr'>axem</span> <span class='ocrx_word' id='word_1_214' title='bbox 1447 2473 1468 2497; x_wconf 91' lang='lat' dir='ltr'>o</span> <span class='ocrx_word' id='word_1_215' title='bbox 1503 2482 1543 2486; x_wconf 73' lang='lat'>——</span> <span class='ocrx_word' id='word_1_216' title='bbox 1576 2463 1643 2497; x_wconf 70' lang='lat'>376</span> <span class='ocrx_word' id='word_1_217' title='bbox 1669 2462 1784 2497; x_wconf 64' lang='lat' dir='ltr'>sidera</span> <span class='ocrx_word' id='word_1_218' title='bbox 1810 2473 1834 2506; x_wconf 76' lang='lat' dir='ltr'>g</span> 
     </span>
     <span class='ocr_line' id='line_1_33' title="bbox 100 2527 1834 2573; baseline -0.001 -11"><span class='ocrx_word' id='word_1_219' title='bbox 100 2527 240 2563; x_wconf 73' lang='lat' dir='ltr'>lumina</span> <span class='ocrx_word' id='word_1_220' title='bbox 259 2538 279 2563; x_wconf 90' lang='lat'>0</span> <span class='ocrx_word' id='word_1_221' title='bbox 305 2529 484 2564; x_wconf 78' lang='lat' dir='ltr'>mundum</span> <span class='ocrx_word' id='word_1_222' title='bbox 505 2539 530 2573; x_wconf 83' lang='lat' dir='ltr'>g</span> <span class='ocrx_word' id='word_1_223' title='bbox 553 2529 685 2563; x_wconf 74' lang='lat' dir='ltr'>mundo</span> <span class='ocrx_word' id='word_1_224' title='bbox 703 2539 730 2561; x_wconf 86' lang='grc' dir='ltr'>ω</span> <span class='ocrx_word' id='word_1_225' title='bbox 750 2549 791 2552; x_wconf 88' lang='grc'>-</span> <span class='ocrx_word' id='word_1_226' title='bbox 811 2530 878 2563; x_wconf 74' lang='grc'>377</span> <span class='ocrx_word' id='word_1_227' title='bbox 904 2529 966 2563; x_wconf 74' lang='lat' dir='ltr'>sub</span> <span class='ocrx_word' id='word_1_228' title='bbox 988 2536 990 2545; x_wconf 80' lang='grc'>’</span> <span class='ocrx_word' id='word_1_229' title='bbox 1013 2528 1014 2546; x_wconf 66' lang='lat'>³</span> <span class='ocrx_word' id='word_1_230' title='bbox 1036 2530 1126 2563; x_wconf 41' lang='lat' dir='ltr'>&#39;iacet</span> <span class='ocrx_word' id='word_1_231' title='bbox 1143 2538 1167 2572; x_wconf 81' lang='lat' dir='ltr'>g</span> <span class='ocrx_word' id='word_1_232' title='bbox 1186 2529 1302 2572; x_wconf 73' lang='lat' dir='ltr'>(aquis</span> <span class='ocrx_word' id='word_1_233' title='bbox 1319 2528 1406 2563; x_wconf 87' lang='lat' dir='ltr'>add.</span> <span class='ocrx_word' id='word_1_234' title='bbox 1426 2528 1466 2563; x_wconf 85' lang='lat' dir='ltr'>in</span> <span class='ocrx_word' id='word_1_235' title='bbox 1487 2537 1604 2572; x_wconf 84' lang='lat' dir='ltr'>marg.</span> <span class='ocrx_word' id='word_1_236' title='bbox 1625 2537 1724 2562; x_wconf 88' lang='lat' dir='ltr'>man.</span> <span class='ocrx_word' id='word_1_237' title='bbox 1746 2528 1834 2570; x_wconf 77' lang='lat' dir='ltr'>rec.)</span> 
     </span>
     <span class='ocr_line' id='line_1_34' title="bbox 100 2593 1833 2638; baseline -0.001 -10"><span class='ocrx_word' id='word_1_238' title='bbox 100 2593 160 2628; x_wconf 79' lang='lat' dir='ltr'>sub</span> <span class='ocrx_word' id='word_1_239' title='bbox 185 2594 263 2638; x_wconf 67' lang='lat' dir='ltr'>(lvcis</span> <span class='ocrx_word' id='word_1_240' title='bbox 286 2594 377 2628; x_wconf 75' lang='lat' dir='ltr'>iacet</span> <span class='ocrx_word' id='word_1_241' title='bbox 401 2604 427 2625; x_wconf 88' lang='grc' dir='ltr'>ω</span> <span class='ocrx_word' id='word_1_242' title='bbox 454 2616 498 2619; x_wconf 88' lang='lat'><strong>—</strong></span> <span class='ocrx_word' id='word_1_243' title='bbox 525 2595 594 2629; x_wconf 85' lang='lat'>380</span> <span class='ocrx_word' id='word_1_244' title='bbox 619 2595 763 2638; x_wconf 70' lang='lat' dir='ltr'>leuaque</span> <span class='ocrx_word' id='word_1_245' title='bbox 782 2604 817 2629; x_wconf 89' lang='lat' dir='ltr'>m</span> <span class='ocrx_word' id='word_1_246' title='bbox 845 2595 1026 2638; x_wconf 75' lang='lat' dir='ltr'>leuamqne</span> <span class='ocrx_word' id='word_1_247' title='bbox 1044 2604 1071 2626; x_wconf 88' lang='grc' dir='ltr'>ω</span> <span class='ocrx_word' id='word_1_248' title='bbox 1099 2614 1140 2618; x_wconf 94' lang='grc'><strong>-</strong></span> <span class='ocrx_word' id='word_1_249' title='bbox 1160 2595 1225 2628; x_wconf 82' lang='grc'>381</span> <span class='ocrx_word' id='word_1_250' title='bbox 1254 2594 1337 2628; x_wconf 80' lang='lat' dir='ltr'>celos</span> <span class='ocrx_word' id='word_1_251' title='bbox 1357 2594 1537 2638; x_wconf 74' lang='lat' dir='ltr'>peccantia</span> <span class='ocrx_word' id='word_1_252' title='bbox 1564 2603 1598 2627; x_wconf 87' lang='lat' dir='ltr'>m</span> <span class='ocrx_word' id='word_1_253' title='bbox 1628 2615 1671 2618; x_wconf 68' lang='lat'>—</span> <span class='ocrx_word' id='word_1_254' title='bbox 1698 2594 1766 2627; x_wconf 80' lang='grc'>383</span> <span class='ocrx_word' id='word_1_255' title='bbox 1792 2593 1833 2627; x_wconf 72' lang='lat' dir='ltr'>in</span> 
     </span>
     <span class='ocr_line' id='line_1_35' title="bbox 101 2658 1832 2703; baseline -0.001 -10"><span class='ocrx_word' id='word_1_256' title='bbox 101 2659 179 2693; x_wconf 81' lang='lat' dir='ltr'>orbe</span> <span class='ocrx_word' id='word_1_257' title='bbox 196 2669 217 2694; x_wconf 94' lang='grc'><strong>0</strong></span> <span class='ocrx_word' id='word_1_258' title='bbox 237 2678 279 2682; x_wconf 86' lang='lat'>——</span> <span class='ocrx_word' id='word_1_259' title='bbox 300 2660 367 2694; x_wconf 76' lang='lat'>385</span> <span class='ocrx_word' id='word_1_260' title='bbox 394 2659 484 2703; x_wconf 78' lang='lat' dir='ltr'>quod</span> <span class='ocrx_word' id='word_1_261' title='bbox 501 2668 522 2693; x_wconf 93' lang='lat' dir='ltr'>o</span> <span class='ocrx_word' id='word_1_262' title='bbox 548 2679 590 2683; x_wconf 97' lang='lat'>—</span> <span class='ocrx_word' id='word_1_263' title='bbox 613 2661 681 2694; x_wconf 86' lang='grc'>388</span> <span class='ocrx_word' id='word_1_264' title='bbox 709 2659 908 2694; x_wconf 73' lang='lat' dir='ltr'>tendentem</span> <span class='ocrx_word' id='word_1_265' title='bbox 927 2670 948 2695; x_wconf 92' lang='grc'>0</span> <span class='ocrx_word' id='word_1_266' title='bbox 970 2679 1010 2682; x_wconf 94' lang='grc'><strong>-</strong></span> <span class='ocrx_word' id='word_1_267' title='bbox 1030 2660 1097 2693; x_wconf 86' lang='grc'>389</span> <span class='ocrx_word' id='word_1_268' title='bbox 1123 2658 1241 2693; x_wconf 73' lang='lat' dir='ltr'>sidera</span> <span class='ocrx_word' id='word_1_269' title='bbox 1259 2658 1271 2693; x_wconf 95' lang='grc'>1</span> <span class='ocrx_word' id='word_1_270' title='bbox 1297 2659 1343 2694; x_wconf 78' lang='lat' dir='ltr'>ad</span> <span class='ocrx_word' id='word_1_271' title='bbox 1363 2659 1481 2694; x_wconf 75' lang='lat' dir='ltr'>sidera</span> <span class='ocrx_word' id='word_1_272' title='bbox 1501 2669 1535 2693; x_wconf 89' lang='grc'>111</span> <span class='ocrx_word' id='word_1_273' title='bbox 1564 2668 1635 2694; x_wconf 90' lang='grc'><strong>0111.</strong></span> <span class='ocrx_word' id='word_1_274' title='bbox 1654 2658 1700 2692; x_wconf 76' lang='lat' dir='ltr'>(cd</span> <span class='ocrx_word' id='word_1_275' title='bbox 1719 2668 1770 2701; x_wconf 79' lang='lat' dir='ltr'>gc</span> <span class='ocrx_word' id='word_1_276' title='bbox 1790 2677 1832 2680; x_wconf 97' lang='lat'><strong>—</strong></span> 
     </span>
     <span class='ocr_line' id='line_1_36' title="bbox 101 2707 1832 2768; baseline -0.001 -10"><span class='ocrx_word' id='word_1_277' title='bbox 101 2724 170 2758; x_wconf 87' lang='grc'>390</span> <span class='ocrx_word' id='word_1_278' title='bbox 191 2724 358 2768; x_wconf 64' lang='lat' dir='ltr'>fulgentis</span> <span class='ocrx_word' id='word_1_279' title='bbox 376 2734 413 2758; x_wconf 90' lang='lat' dir='ltr'>m</span> <span class='ocrx_word' id='word_1_280' title='bbox 441 2724 617 2768; x_wconf 42' lang='lat' dir='ltr'>ful-qentes</span> <span class='ocrx_word' id='word_1_281' title='bbox 634 2735 661 2757; x_wconf 88' lang='grc' dir='ltr'>ω</span> <span class='ocrx_word' id='word_1_282' title='bbox 692 2724 855 2759; x_wconf 76' lang='lat' dir='ltr'>humeros</span> <span class='ocrx_word' id='word_1_283' title='bbox 873 2723 918 2768; x_wconf 81' lang='lat' dir='ltr'>lg</span> <span class='ocrx_word' id='word_1_284' title='bbox 950 2707 1089 2759; x_wconf 63' lang='lat' dir='ltr'>iimeros</span> <span class='ocrx_word' id='word_1_285' title='bbox 1106 2734 1143 2758; x_wconf 89' lang='lat' dir='ltr'>m</span> <span class='ocrx_word' id='word_1_286' title='bbox 1171 2743 1212 2747; x_wconf 89' lang='lat'>—</span> <span class='ocrx_word' id='word_1_287' title='bbox 1245 2725 1312 2759; x_wconf 81' lang='grc'>392</span> <span class='ocrx_word' id='word_1_288' title='bbox 1339 2734 1470 2758; x_wconf 73' lang='lat' dir='ltr'>eoecesso</span> <span class='ocrx_word' id='word_1_289' title='bbox 1489 2734 1524 2757; x_wconf 91' lang='lat' dir='ltr'>m</span> <span class='ocrx_word' id='word_1_290' title='bbox 1559 2724 1693 2766; x_wconf 85' lang='lat' dir='ltr'>(marg.</span> <span class='ocrx_word' id='word_1_291' title='bbox 1722 2723 1832 2765; x_wconf 80' lang='lat' dir='ltr'>corr.)</span> 
     </span>
     <span class='ocr_line' id='line_1_37' title="bbox 101 2787 1833 2834; baseline -0.001 -11"><span class='ocrx_word' id='word_1_292' title='bbox 101 2787 280 2823; x_wconf 71' lang='lat' dir='ltr'>inmensus</span> <span class='ocrx_word' id='word_1_293' title='bbox 299 2799 334 2823; x_wconf 89' lang='lat' dir='ltr'>m</span> <span class='ocrx_word' id='word_1_294' title='bbox 361 2790 552 2824; x_wconf 58' lang='lat' dir='ltr'>immensus</span> <span class='ocrx_word' id='word_1_295' title='bbox 569 2788 647 2831; x_wconf 67' lang='grc' dir='ltr'>1ξο</span> <span class='ocrx_word' id='word_1_296' title='bbox 687 2810 728 2814; x_wconf 92' lang='lat'><em>-</em></span> <span class='ocrx_word' id='word_1_297' title='bbox 768 2791 836 2824; x_wconf 83' lang='grc'>393</span> <span class='ocrx_word' id='word_1_298' title='bbox 861 2791 1056 2834; x_wconf 70' lang='lat' dir='ltr'>siyncmtm·</span> <span class='ocrx_word' id='word_1_299' title='bbox 1073 2799 1111 2823; x_wconf 89' lang='lat' dir='ltr'>m</span> <span class='ocrx_word' id='word_1_300' title='bbox 1151 2808 1193 2812; x_wconf 77' lang='lat'><em>-</em></span> <span class='ocrx_word' id='word_1_301' title='bbox 1233 2790 1302 2823; x_wconf 80' lang='lat'>394</span> <span class='ocrx_word' id='word_1_302' title='bbox 1327 2789 1494 2823; x_wconf 73' lang='lat' dir='ltr'>recedant</span> <span class='ocrx_word' id='word_1_303' title='bbox 1510 2800 1530 2824; x_wconf 92' lang='grc'>0</span> <span class='ocrx_word' id='word_1_304' title='bbox 1566 2808 1606 2811; x_wconf 88' lang='grc'>-</span> <span class='ocrx_word' id='word_1_305' title='bbox 1640 2789 1708 2823; x_wconf 79' lang='grc'>398</span> <span class='ocrx_word' id='word_1_306' title='bbox 1733 2799 1795 2823; x_wconf 71' lang='lat' dir='ltr'>nee</span> <span class='ocrx_word' id='word_1_307' title='bbox 1813 2798 1833 2822; x_wconf 93' lang='grc'>0</span> 
     </span>
     <span class='ocr_line' id='line_1_38' title="bbox 101 2853 1834 2898; baseline 0 -11"><span class='ocrx_word' id='word_1_308' title='bbox 101 2853 242 2888; x_wconf 72' lang='lat' dir='ltr'>horrida</span> <span class='ocrx_word' id='word_1_309' title='bbox 273 2853 318 2896; x_wconf 84' lang='lat' dir='ltr'>gl</span> <span class='ocrx_word' id='word_1_310' title='bbox 364 2854 483 2889; x_wconf 62' lang='lat' dir='ltr'>orrida</span> <span class='ocrx_word' id='word_1_311' title='bbox 514 2864 548 2889; x_wconf 89' lang='lat' dir='ltr'>m</span> <span class='ocrx_word' id='word_1_312' title='bbox 586 2854 699 2889; x_wconf 75' lang='lat' dir='ltr'>saeuit</span> <span class='ocrx_word' id='word_1_313' title='bbox 729 2864 753 2898; x_wconf 81' lang='lat' dir='ltr'>g</span> <span class='ocrx_word' id='word_1_314' title='bbox 793 2854 908 2898; x_wconf 66' lang='lat' dir='ltr'>surgit</span> <span class='ocrx_word' id='word_1_315' title='bbox 936 2866 963 2886; x_wconf 83' lang='grc' dir='ltr'>ω</span> <span class='ocrx_word' id='word_1_316' title='bbox 994 2876 1038 2880; x_wconf 84' lang='lat'><strong>—</strong></span> <span class='ocrx_word' id='word_1_317' title='bbox 1070 2855 1137 2889; x_wconf 86' lang='lat'>399</span> <span class='ocrx_word' id='word_1_318' title='bbox 1168 2854 1266 2888; x_wconf 77' lang='lat' dir='ltr'>Haec</span> <span class='ocrx_word' id='word_1_319' title='bbox 1291 2853 1366 2898; x_wconf 84' lang='lat' dir='ltr'>lgc</span> <span class='ocrx_word' id='word_1_320' title='bbox 1401 2866 1441 2888; x_wconf 82' lang='lat' dir='ltr'>ne</span> <span class='ocrx_word' id='word_1_321' title='bbox 1468 2864 1502 2888; x_wconf 91' lang='lat' dir='ltr'>m</span> <span class='ocrx_word' id='word_1_322' title='bbox 1540 2854 1618 2888; x_wconf 72' lang='lat' dir='ltr'>solis</span> <span class='ocrx_word' id='word_1_323' title='bbox 1640 2854 1834 2898; x_wconf 71' lang='lat' dir='ltr'>fulyentem</span> 
     </span>
     <span class='ocr_line' id='line_1_39' title="bbox 101 2917 1832 2963; baseline 0 -11"><span class='ocrx_word' id='word_1_324' title='bbox 101 2918 230 2953; x_wconf 71' lang='lat' dir='ltr'>deserit</span> <span class='ocrx_word' id='word_1_325' title='bbox 259 2929 280 2951; x_wconf 82' lang='grc'><strong>0</strong></span> <span class='ocrx_word' id='word_1_326' title='bbox 319 2921 534 2963; x_wconf 75' lang='lat' dir='ltr'>sequuntur</span> <span class='ocrx_word' id='word_1_327' title='bbox 572 2920 609 2954; x_wconf 84' lang='lat' dir='ltr'>iu</span> <span class='ocrx_word' id='word_1_328' title='bbox 643 2929 663 2951; x_wconf 80' lang='lat' dir='ltr'>o</span> <span class='ocrx_word' id='word_1_329' title='bbox 704 2917 785 2953; x_wconf 60' lang='lat' dir='ltr'>’His</span> <span class='ocrx_word' id='word_1_330' title='bbox 814 2918 975 2954; x_wconf 51' lang='grc' dir='ltr'><strong>111113νῆ-</strong></span> <span class='ocrx_word' id='word_1_331' title='bbox 998 2919 1115 2953; x_wconf 66' lang='lat' dir='ltr'>sidera</span> <span class='ocrx_word' id='word_1_332' title='bbox 1146 2920 1237 2954; x_wconf 74' lang='lat' dir='ltr'>caelo</span> <span class='ocrx_word' id='word_1_333' title='bbox 1272 2920 1456 2953; x_wconf 67' lang='lat'>449-‚329</span> <span class='ocrx_word' id='word_1_334' title='bbox 1493 2939 1533 2942; x_wconf 82' lang='lat'>—</span> <span class='ocrx_word' id='word_1_335' title='bbox 1567 2920 1630 2953; x_wconf 72' lang='lat'>401</span> <span class='ocrx_word' id='word_1_336' title='bbox 1673 2918 1733 2962; x_wconf 71' lang='lat' dir='ltr'>qni</span> <span class='ocrx_word' id='word_1_337' title='bbox 1763 2928 1832 2961; x_wconf 79' lang='lat' dir='ltr'>gu]</span> 
     </span>
     <span class='ocr_line' id='line_1_40' title="bbox 102 2984 284 3026; baseline 0.016 -10"><span class='ocrx_word' id='word_1_338' title='bbox 102 2994 205 3026; x_wconf 77' lang='lat' dir='ltr'>quam</span> <span class='ocrx_word' id='word_1_339' title='bbox 232 2984 284 3019; x_wconf 84' lang='lat' dir='ltr'>lc.</span> 
     </span>
    </p>
   </div>
  </div>
 </body>
</html>
