2106 3334
730 173 840 208 Liber
866 173 892 209 Ῑ.
943 173 1138 208 559-587.
1742 178 1791 215 19

286 317 452 372 singula
485 330 578 356 cum
611 319 774 357 tantum
807 320 980 356 teneant
1011 319 1214 369 tantoque
1246 315 1437 355 ferantur

214 403 266 430 560
285 392 493 443 tempore3
527 402 599 428 sex
631 391 718 428 tota
750 387 966 442 surgentia
999 387 1137 427 sidera
1168 387 1262 426 luce

676 469 697 492 πμ
841 468 1028 493 :42:1:
1172 468 1193 492 ³³

354 532 484 570 restat
515 533 561 569 ut
593 529 801 569 aetherios
833 528 938 568 fines
971 528 1045 568 tibi
1078 527 1256 567 reddere
1289 540 1416 567 coner

284 600 441 650 filaque
474 599 686 653 dispositis
718 599 880 639 uicibus
913 598 1158 639 comitantia
1190 597 1366 645 caelum,

213 685 264 710 563
284 684 360 724 per
391 684 499 724 quae
531 670 727 723 dirigitur
759 669 976 723 signorum
1009 668 1230 708 flammeus
1264 667 1377 707 ordo.

212 756 264 781 566
284 741 464 781 circulus
497 740 550 781 ad
581 741 753 781 boream
787 739 987 792 fulgentis
1021 739 1198 778 sustinet
1232 742 1368 778 arctos

284 825 440 865 sexque
472 810 581 864 fugit
611 810 766 850 solidas
798 823 822 849 a
854 809 960 849 caeli
992 809 1151 849 uertice
1182 812 1336 863 partes.

283 881 390 921 alter
421 880 474 920 ad
507 880 683 920 extremi
715 880 943 920 decurrens
977 879 1116 920 sidera
1149 879 1302 929 cancri,

282 952 323 991 in
357 966 439 1005 quo
473 954 738 991 consummat
768 950 968 991 Phoebus
1000 951 1223 1004 lucemque
1256 964 1504 1003 moramque

211 1038 262 1063 570
281 1022 486 1076 tardaque
517 1035 594 1076 per
624 1022 772 1075 longos
806 1020 1049 1061 circumfert
1080 1021 1242 1061 lumina
1273 1021 1420 1071 flexus,

282 1093 467 1133 aestiuus
499 1092 638 1133 medio
672 1106 826 1132 nomen
858 1092 938 1132 sibi
971 1091 1098 1132 sumit
1130 1092 1182 1131 ab
1216 1095 1334 1131 aestu

281 1163 482 1217 temporis
515 1166 556 1203 et
586 1163 706 1203 titulo
740 1163 898 1217 potitur
929 1167 1172 1216 metamque
1204 1163 1387 1203 uolantis

282 1235 380 1275 solis
413 1238 453 1274 et
485 1237 695 1274 extremos
727 1234 923 1288 designat
954 1233 1143 1273 feruidus
1177 1237 1295 1274 actus

282 1309 322 1345 et
354 1305 540 1359 quinque
572 1304 615 1345 in
647 1308 788 1359 partes
821 1305 1030 1359 aquilonis
1064 1304 1191 1345 distat
1223 1304 1275 1345 ab
1308 1305 1422 1345 orbe.

210 1391 261 1417 575
281 1376 429 1416 tertius
461 1376 504 1416 in
537 1375 678 1416 media
709 1376 856 1416 mundi
889 1376 1062 1429 regione
1093 1376 1255 1416 locatus

280 1447 442 1501 ingenti
475 1460 598 1501 spera
630 1450 763 1487 totum
795 1446 1031 1500 praecingit
1064 1446 1293 1501 Olympum

279 1521 399 1572 parte
431 1517 484 1557 ab
516 1521 695 1571 utraque
731 1517 877 1557 uidens
910 1531 1045 1569 axem,
1081 1531 1163 1571 quo
1195 1517 1329 1558 limite
1363 1517 1560 1558 Phoebus

282 1588 496 1642 componit
526 1589 699 1642 paribus
733 1588 920 1628 numeris
952 1592 1207 1642 noctemque
1240 1588 1437 1642 diemque

281 1659 393 1699 ueris
426 1662 467 1699 et
499 1659 690 1699 autumni
724 1673 895 1699 currens
927 1672 1004 1713 per
1035 1663 1226 1713 tempora
1259 1659 1403 1709 mixta,

210 1744 262 1770 580
282 1743 376 1770 cum
409 1729 597 1770 medium
629 1729 797 1783 aequali
830 1729 1052 1783 distinguit
1082 1730 1214 1769 limite
1248 1730 1412 1770 caelum

280 1804 479 1855 quattuor
511 1804 552 1841 et
582 1800 785 1854 gradibus
819 1814 895 1841 sua
925 1800 998 1841 fila
1028 1800 1193 1841 reducit
1225 1801 1277 1842 ab
1311 1805 1442 1842 aestu.

280 1872 496 1926 proximus
528 1871 641 1912 hunc
673 1871 785 1912 ultra
815 1871 1021 1912 brumalis
1053 1872 1224 1912 nomine
1255 1872 1376 1912 limes

279 1942 428 1983 ultima
460 1942 654 1996 designat
684 1942 885 1996 fugientis
917 1942 1081 1983 lumina
1113 1942 1213 1984 solis

280 2013 510 2067 inuidaque
542 2013 714 2067 obliqua
745 2013 961 2054 radiorum
992 2027 1171 2054 munera
1201 2014 1374 2054 flamma

208 2099 259 2126 535
279 2084 351 2125 dat
381 2098 457 2138 per
488 2085 568 2124 iter
598 2085 821 2125 minimum
852 2084 994 2136 nobis;
1029 2085 1102 2125 sed
1133 2084 1288 2126 finibus
1320 2085 1415 2136 illis„

280 2169 385 2209 quos
417 2169 543 2210 super
568 2155 772 2207 incubuit,
802 2155 930 2209 longa
962 2159 1074 2196 stant
1104 2160 1297 2210 tempora
1327 2156 1437 2208 luce,

277 2226 433 2280 uixque
464 2226 553 2267 dies
585 2227 735 2267 transit
767 2227 1017 2267 candentem
1050 2230 1220 2267 extenta
1252 2241 1328 2282 per
1359 2231 1539 2278 aestum,

210 2427 277 2462 559
319 2426 421 2471 siqua
461 2438 542 2461 cum
579 2437 617 2462 m
661 2446 703 2450 —
749 2431 835 2462 ante
872 2428 956 2462 561:
1002 2427 1060 2462 De
1095 2428 1224 2462 coluris
1252 2427 1276 2471 l,
1309 2427 1410 2463 idem
1449 2429 1489 2463 in
1529 2437 1648 2473 marg.
1688 2439 1709 2464 a
1747 2439 1796 2463 m.

69 2501 142 2527 rec.
167 2502 219 2536 gc
255 2491 313 2526 De
337 2491 477 2526 circulis
499 2491 674 2526 celestibus
698 2511 744 2515 —-
775 2491 814 2526 de
839 2492 967 2526 coluris
992 2503 1029 2527 m
1056 2492 1116 2537 (u1
1141 2492 1202 2537 112)
1231 2512 1273 2516 —
1306 2494 1392 2537 post
1417 2494 1484 2528 563
1512 2494 1726 2538 sequuntur
1753 2513 1796 2518 -

71 2557 137 2592 564
167 2556 321 2591 circulus
349 2567 372 2590 a
400 2567 537 2591 summo
567 2559 764 2591 nascentem
793 2557 920 2591 uertice
950 2557 1122 2592 mundum
1156 2559 1222 2592 565
1247 2561 1412 2601 pei-ment
1431 2559 1657 2602 Artophilaea
1676 2561 1800 2603 petens

63 2631 130 2666 per
162 2623 258 2665 terqa
288 2620 449 2656 draconis
479 2621 518 2656 in
553 2631 573 2656 o
618 2623 698 2656 tum
732 2622 771 2656 in
806 2632 842 2656 m
876 2621 935 2666 (u1
960 2623 1040 2666 u2):
1079 2623 1177 2657 565a
1216 2622 1330 2667 tanyz't
1357 2625 1392 2657 et
1419 2623 1590 2667 oriyinem
1621 2623 1797 2658 chelarmn

68 2696 206 2720 summa
223 2685 347 2730 reqidit
369 2686 469 2721 5651)
489 2697 614 2730 seoeqne
632 2687 724 2731 fic-qil
742 2686 868 2720 solidas
886 2687 948 2721 eeli
965 2687 1096 2721 uertice
1108 2689 1231 2730 partes
1252 2686 1348 2732 (sqq.
1365 2689 1431 2722 612
1452 2689 1728 2732 extremamque)
1754 2708 1796 2712 —

71 2751 138 2785 566
153 2760 177 2794 g
198 2750 236 2784 in
253 2759 376 2794 marg:
398 2750 438 2785 cle
452 2752 633 2795 parallelis
652 2752 790 2786 circulis
811 2751 878 2793 (m)
901 2770 942 2774 —
964 2752 1030 2786 566
1048 2752 1236 2795 fulqemem
1253 2755 1378 2787 arcton
1393 2763 1414 2788 o
1436 2772 1477 2775 ——
1500 2754 1565 2788 567
1586 2764 1609 2787 α
1627 2753 1690 2787 celi
1710 2763 1730 2787 o
1754 2773 1796 2777 —

71 2815 136 2849 571
155 2807 321 2851 aestifflm
341 2826 377 2850 in
399 2815 573 2850 aestiuum
590 2827 617 2848 ω
639 2836 677 2839 -
697 2818 763 2850 :372
792 2821 948 2859 metuque
966 2826 987 2850 o
1013 2835 1055 2839 -—
1080 2818 1147 2851 576
1172 2827 1275 2860 spera
1294 2827 1314 2852 o
1338 2840 1384 2843 —
1408 2819 1474 2852 577
1502 2829 1566 2861 quo
1585 2828 1606 2853 o
1631 2818 1798 2861 lumine}

1413 2865 1557 2895 ÷ci11geus

71 2896 198 2935 lumine
216 2908 242 2930 ω
261 2918 305 2921 -
323 2899 392 2933 580
416 2898 548 2932 lumine
566 2908 589 2941 g
610 2916 650 2920 -
670 2900 733 2932 581
760 2898 834 2940 filia
855 2909 887 2933 m
916 2899 1026 2942 (corr.
1052 2899 1092 2934 in
1119 2900 1253 2943 marg.)
1273 2918 1314 2923 —-
1334 2900 1400 2934 582
1422 2899 1586 2946 tg'nyensl
1614 2900 1741 2935 timens
1758 2910 1795 2935 ln

74 2963 215 3006 tangens
239 2973 263 3006 g
291 2963 428 3007 cingens
452 2972 471 2997 c
511 2982 552 2986 —
591 2964 658 2998 583
690 2964 860 3005 lzpmiozel
898 2963 999 3006 (coll.
1026 2963 1145 3007 Vrat.)
1187 2965 1326 3000 lumina
1350 2975 1376 2996 ω
1415 2987 1459 2990 -
1497 2966 1565 2999 584
1601 2964 1749 3009 inuique
1776 2974 1795 2999 c

70 3024 240 3070 inuiaque
257 3037 284 3059 ω
309 3050 353 3053 —-
381 3028 447 3062 585
472 3027 568 3062 uobis
593 3028 711 3072 glcln
738 3028 796 3071 (L)
823 3029 925 3064 nohis
942 3039 979 3063 m
1006 3027 1077 3070 (E).

1658 3100 1705 3135 2&-
