2106 3334
204 111 246 155 X

207 256 301 296 Vat.
328 262 350 296 ’Δ
386 258 504 309 reflat
528 271 552 311 p
573 256 613 296 M
659 257 743 296 770
768 242 886 307 reycizl
903 255 955 295 M.
1013 256 1095 295 772
1126 256 1312 305 tempore
1331 253 1425 294 vat.
1451 255 1475 293 2
1498 253 1540 294 M
1573 252 1730 293 cedunt
1747 254 1843 297 Vat.
1862 257 1929 310 21)

207 325 391 365 anathema}
414 328 467 367 M.
523 328 606 368 773
635 325 712 365 sul)
742 327 832 366 vat.
854 328 876 365 2
902 326 954 366 M.
1013 327 1095 366 774
1128 322 1413 376 {inperia-»101³
1432 339 1458 378 p
1483 324 1575 365 Vat.
1593 325 1616 364 2
1636 324 1689 364 M.
1746 327 1828 367 775
1853 338 1929 378 po-

205 395 313 436 sitas
346 398 495 438 eidem.
563 399 644 436 77ίί
679 409 776 435 own
817 395 957 447 fratrc
999 394 1195 435 Efficimus
1238 393 1348 434 hemo
1382 394 1475 435 vat.
1501 397 1524 434 2
1557 410 1582 449 p
1601 395 1641 435 M
1660 394 1747 450 (12).
1792 396 1884 438 Lib.
1909 396 1929 437 Ι

208 469 290 508 560
338 455 416 507 scit·
434 483 459 522 p
491 467 566 507 &erl
599 468 687 508 Vat.
718 469 751 507 1.
771 470 807 507 2.
855 468 930 507 561
967 464 1070 516 sinis
1100 467 1194 507 vat.
1225 468 1240 505 1
1270 480 1294 519 p
1312 465 1366 506 M.
1415 466 1496 505 562
1535 463 1761 506 aarz'cmtia
1792 466 1932 508 celum

208 538 300 579 Vat.
339 541 433 578 1.·3.
491 539 573 579 563
611 535 824 588 [immicis
864 538 958 578 Vat.
996 539 1092 580 1.·2.
1148 538 1230 577 565>
1272 533 1567 587 aretophz‘laea
1606 536 1699 578 Vat.
1736 540 1753 578 1
1798 540 1931 580 arcto-

202 606 374 660 plzelc'ca
398 610 437 649 M
465 611 624 660 patens
642 609 737 650 Vat.
767 612 800 649 1.
828 610 850 649 2
875 609 929 649 M.
985 611 1067 649 6112
1098 606 1272 648 lu'dram
1298 607 1388 648 Vat.
1415 608 1438 647 2
1468 605 1613 647 ἐάν-[11η
1630 608 1671 649 Μ
1698 607 1777 648 sub
1801 607 1933 650 astris

208 680 301 720 Yat.
332 682 348 720 1
376 696 414 735 p.
462 682 545 721 (513
576 679 631 720 (cd
656 692 809 720 cccmus
842 680 935 722 vat.
967 684 999 721 1.
1018 682 1041 720 2
1065 695 1091 735 p
1114 680 1168 720 M.
1211 692 1366 719 rursus
1389 691 1506 720 marc
1530 679 1623 720 vat.
1654 680 1687 720 1.
1714 680 1738 720 2
1768 677 1837 732 (in
1859 692 1932 721 are

210 751 297 791 urb.
325 750 383 803 2).
440 753 521 792 614
553 753 717 792 coetum
749 767 774 807 p
808 753 949 791 ectum
970 752 1012 792 M
1045 753 1207 792 certum
1231 751 1325 791 vat.
1353 752 1389 790 2.

348 822 638 864 Matritensem
662 838 762 864 num
785 828 954 878 praeter
981 838 1066 875 eos,
1097 838 1201 878 quos
1231 837 1357 877 supra
1382 822 1710 874 nominauimus,
1745 822 1815 863 alii
1837 822 1935 864 libri

208 894 339 933 secuti
366 894 461 943 sint,
495 909 579 935 non
608 894 816 936 nouimus.
872 894 925 935 Et
957 894 1180 935 Urbinates
1203 894 1374 949 quidem
1408 898 1448 934 et
1476 894 1651 948 pulchre
1684 894 1861 948 scriptos
1895 899 1935 935 et

207 964 329 1018 pictis
360 965 594 1007 initialibus
627 966 846 1007 decoratos
876 966 1156 1007 bibliothecae
1190 965 1367 1006 alicuius
1400 965 1601 1020 principis
1634 964 1802 1006 ornatui
1834 964 1934 1006 olim

208 1035 338 1075 fuisse
382 1036 494 1090 picta
538 1037 578 1077 111
622 1038 721 1078 folio
752 1039 799 1078 2¹·
829 1038 1013 1092 insignia
1050 1037 1288 1092 principum
1332 1037 1496 1078 docent.
1566 1036 1821 1091 Discrepare
1864 1050 1935 1077 eos

208 1106 422 1147 interdum
445 1108 518 1148 sed
541 1123 636 1150 raro
660 1109 770 1150 inter
787 1124 830 1150 se
855 1109 1029 1164 exposui
1053 1108 1377 1161 (Wochenschr.
1398 1108 1423 1148 f.
1446 1108 1503 1149 kl.
1522 1107 1631 1148 Phil.
1656 1108 1767 1150 1904
1784 1122 1823 1162 p.
1846 1105 1935 1158 21),

210 1178 497 1232 exemplisque
530 1179 586 1219 ibi
620 1180 757 1220 allatis
791 1180 994 1220 nonnulla
1027 1179 1182 1220 addere
1216 1179 1386 1234 possim,
1421 1179 1573 1234 quibus
1606 1179 1820 1234 probetur,
1856 1177 1936 1219 Ur-

211 1249 396 1290 binatem
429 1248 555 1303 (667)
595 1251 797 1292 fidissime
836 1251 1080 1292 Matritense
1120 1251 1336 1305 exemplar
1374 1251 1644 1305 expressisse,
1686 1249 1937 1291 Urbinatem

210 1319 335 1372 (ees)
376 1326 415 1361 et
454 1323 585 1363 multo
631 1323 799 1377 saepius
832 1323 1089 1363 Vossianum
1118 1324 1156 1362 2.
1203 1336 1300 1363 suas
1340 1322 1658 1363 emendationes
1696 1322 1935 1363 inseruisse.

212 1390 336 1430 Hunc
375 1396 517 1432 autem
555 1394 710 1434 librum
750 1409 774 1434 a
806 1395 916 1434 1470
956 1408 1084 1435 manu
1124 1393 1498 1448 neglegentissima
1537 1397 1578 1433 et
1611 1393 1840 1434 admodum
1873 1393 1937 1433 in-

211 1462 395 1516 eleganti
437 1469 657 1505 exaratum
702 1465 936 1505 Bechertus
982 1463 1040 1517 (d.
1083 1464 1192 1505 Man.
1235 1478 1315 1504 em.
1356 1479 1386 1505 r.
1428 1479 1466 1518 p.
1503 1465 1552 1504 12
1569 1462 1681 1518 sqq.)
1715 1463 1848 1504 docet.
1883 1487 1937 1492 —

212 1532 411 1574 Ceterum
436 1549 518 1575 non
544 1536 736 1577 dubitaui
759 1537 801 1576 in
824 1535 930 1577 libro
955 1536 1157 1589 I‚1—8·2,
1183 1535 1254 1590 qui
1279 1550 1426 1577 uersus
1448 1535 1491 1576 111
1514 1534 1750 1576 Matritensi
1773 1534 1940 1588 desunt,

212 1605 375 1645 uariam
428 1606 653 1648 lectionem
706 1607 923 1649 Urbinatis
976 1607 1196 1661 utriusque
1249 1606 1512 1648 adnotationi
1564 1620 1685 1647 meae
1738 1605 1938 1647 inserere.

216 1677 449 1731 Utrumque
469 1678 577 1719 inter
595 1694 639 1719 se
658 1679 897 1720 consentire
914 1678 1056 1719 littera
1074 1693 1100 1718 u
1118 1679 1275 1719 notaui.
1297 1702 1348 1705 —
1377 1678 1732 1719 Gemblacensem
1751 1677 1940 1718 codicem

214 1748 284 1802 qui
324 1754 556 1801 sequantur
594 1750 723 1791 libros
763 1750 961 1791 nouimus
999 1750 1150 1791 nullos.
1213 1749 1361 1804 Neque
1400 1763 1451 1790 ex
1489 1749 1639 1790 eodem
1682 1748 1799 1790 fonte
1842 1762 1940 1789 eum

215 1820 548 1873 promanauisse,
578 1835 659 1875 quo
688 1820 955 1875 Lipsiensem
985 1824 1026 1861 et
1054 1820 1356 1872 Matritensem,
1386 1820 1487 1861 satis
1520 1820 1645 1861 certis
1678 1819 1940 1874 argumentis

215 1891 527 1946 comprobatur,
561 1892 619 1932 ita
657 1896 701 1932 ut
739 1892 851 1932 solus
891 1906 1011 1933 suam
1050 1891 1257 1932 familiam
1290 1891 1429 1932 facere
1463 1891 1670 1932 uideatur.
1734 1890 1813 1932 Cui
1846 1905 1940 1932 cum

214 1960 408 2014 Scaliycr
455 1963 689 2018 principem
742 1964 851 2004 inter
898 1963 1026 2004 libros
1079 1963 1333 2004 Manilianos
1380 1963 1519 2004 locum
1568 1962 1840 2016 uindicasset,
1893 1977 1941 2003 ac

214 2030 444 2072 Bentleizffi
486 2034 544 2074 ita
585 2049 784 2089 magnam
829 2035 1122 2076 auctoritatem
1161 2034 1388 2086 tribuisset,
1433 2038 1477 2075 111
1514 2038 1657 2075 tamen
1694 2034 1808 2075 haud
1845 2048 1941 2075 raro

220 2104 412 2145 Vossiani
445 2105 648 2147 lectiones
681 2106 925 2160 praeferret,
961 2105 1139 2147 Iacobus
1173 2105 1229 2158 (a.
1265 2104 1396 2157 1846)
1429 2120 1526 2146 011111
1559 2109 1604 2146 111
1636 2109 1781 2160 aperte
1812 2105 1942 2146 inter-

216 2176 404 2230 polatum
438 2177 634 2231 neglexit.
690 2176 769 2218 Cui
801 2178 1147 2218 contradixerunt
1179 2182 1219 2217 et
1252 2192 1329 2231 ego
1363 2175 1591 2230 (11.1854)
1631 2181 1671 2218 et
1708 2176 1942 2218 Bechertus

217 2246 275 2300 (d.
316 2247 428 2290 Man.
469 2262 547 2289 em.
589 2252 665 2289 rat.
708 2253 748 2289 et
788 2249 830 2289 in
871 2249 1090 2301 editione),
1135 2263 1183 2290 ac
1226 2263 1361 2303 nuper
1399 2249 1613 2290 uberrima
1657 2248 1942 2303 disputatione

218 2318 490 2360 Housmanus
531 2318 683 2374 (praef.
713 2318 866 2360 XXIII
905 2319 1013 2375 seq.)
1061 2320 1200 2362 Hodie
1239 2320 1349 2361 inter
1387 2334 1534 2361 omnes
1568 2320 1779 2371 conuenit,
1813 2318 1943 2360 Gem-

217 2390 471 2444 blacensem,
506 2391 601 2432 licet
634 2406 759 2447 saepe
793 2392 861 2432 uel
893 2392 1016 2432 metri
1046 2392 1112 2432 uel
1136 2392 1369 2433 sententiae
1393 2406 1521 2433 causa
1555 2391 1713 2446 priscas
1739 2391 1943 2432 lectiones

218 2462 458 2509 correxerit.
500 2462 673 2509 totidem
714 2467 853 2504 tamen
893 2463 995 2504 locis
1029 2467 1130 2518 quot
1166 2463 1458 2504 Matritensem
1495 2467 1536 2504 et
1573 2462 1838 2517 Lipsiensem
1871 2476 1943 2516 ge-

217 2533 391 2574 nuinam
430 2533 655 2575 lectionem
685 2534 821 2575 solum
856 2549 1060 2584 seruasse,
1102 2539 1242 2589 atque,
1281 2535 1352 2576 ubi
1388 2534 1440 2575 ab
1474 2535 1538 2575 his
1567 2534 1686 2575 libris
1718 2533 1942 2588 discrepet,

218 2608 332 2645 utros
366 2618 606 2659 sequamur,
641 2620 715 2660 pro
749 2606 830 2646 loci
862 2609 1014 2647 natura
1046 2610 1242 2647 accurate
1275 2620 1366 2647 esse
1400 2605 1735 2660 ponderandum.

363 2674 623 2717 Varietatem
655 2677 846 2718 lectionis
875 2692 1014 2718 meam
1037 2678 1096 2718 ita
1123 2678 1298 2731 institui,
1329 2681 1374 2718 ut
1395 2677 1627 2732 Lipsiensis
1661 2676 1943 2718 correctiones

219 2746 443 2800 diligenter
481 2751 691 2801 notarem,
741 2763 992 2789 consensum
1039 2754 1236 2803 quattuor
1275 2750 1478 2790 librorum
1520 2747 1703 2803 (lgmc)
1742 2748 1882 2788 littera
1919 2761 1942 2788 o

241 2834 295 2851 Ξ
315 2817 496 2870 omnes),
522 2819 758 2860 dissensum
783 2820 908 2861 trium
932 2825 1003 2861 aut
1026 2821 1206 2861 duorum
1229 2820 1369 2862 littera
1387 2835 1419 2860 ω
1443 2818 1518 2872 (=
1538 2819 1687 2872 ceteri)
1716 2820 1941 2874 signarem,

220 2889 423 2943 appositis
445 2890 595 2931 litteris
615 2890 690 2944 (E)
714 2891 779 2931 vel
803 2891 878 2944 (L)
901 2891 1146 2943 indicarem,
1170 2892 1242 2934 ubi
1264 2889 1417 2932 Ellisii
1440 2896 1481 2932 et
1508 2887 1675 2931 Loewii
1698 2889 1944 2931 collationes

221 2959 480 3002 Matritensis
514 2961 610 3003 libri
641 2962 750 3004 inter
783 2977 826 3003 se
850 2962 1150 3018 discreparent.
1202 2963 1285 3005 Sed
1308 2962 1453 3005 sedulo
1478 2962 1583 3014 caui,
1614 2976 1678 3013 ne,
1714 2961 1785 3003 ubi
1807 2964 1944 3003 textus

2092 620 2104 778 „us-*QX
