2106 3334
247 154 300 194 58
899 153 1009 188 Liber
1036 153 1077 188 ΙΙ.
1131 155 1325 188 7435—797.

384 311 435 338 765
456 297 514 337 sic
549 297 650 337 mihi
685 310 757 350 per
790 300 921 336 totum
956 296 1149 336 uolitanti
1183 297 1370 338 carmine
1404 297 1608 338 mundum

455 371 658 421 erutaque
692 367 885 408 abstrusa
917 366 1085 421 penitus
1117 366 1299 421 caligine
1332 368 1419 408 fata

459 438 673 479 Pieridum
706 438 894 478 numeris
926 438 1055 478 etiam
1086 438 1304 479 modulata
1337 439 1519 491 canenti,

455 523 622 563 quoque
656 509 759 550 deus
793 513 944 563 regnat
975 510 1193 550 reuocanti
1227 523 1383 550 numen
1418 509 1460 550 in
1493 515 1597 561 arte,

456 594 529 634 per
560 584 703 635 partes
736 580 930 621 ducenda
962 581 1080 631 fides,
1114 584 1156 621 et
1187 581 1355 634 singula
1386 595 1527 622 rerum

383 665 434 692 770
454 655 551 691 sunt
583 651 785 705 gradibus
817 651 1025 692 tradenda
1056 652 1156 703 suis,
1190 655 1232 692 et
1264 666 1360 693 cum
1392 652 1533 694 omnia
1566 658 1681 693 certa

454 723 603 764 notitia
634 723 839 774 steterint,
873 724 1065 778 proprios
1099 728 1355 765 reuocantur
1387 724 1439 765 ad
1473 739 1584 765 usus.

450 808 498 834 ac
531 795 648 835 uelut
679 794 722 835 in
754 794 879 836 nudis
912 809 1008 836 cum
1040 799 1221 850 surgunt
1252 786 1467 836 montibu's
1499 796 1638 848 urbes,

454 865 648 906 conditor
679 870 721 906 et
753 880 911 907 uacuos
943 866 1076 907 muris
1108 865 1371 907 circumdare
1400 867 1528 908 colles

454 935 650 989 destinat,
684 941 780 978 ante
813 951 965 978 manus
998 952 1125 992 quam
1159 941 1336 993 temptet
1368 938 1561 979 scindere
1594 938 1740 989 fossas,

383 1020 433 1048 τῖς,
455 1007 581 1048 uertit
612 1022 735 1063 opus:
770 1008 855 1049 ruit
886 1022 983 1050 ecce
1016 1023 1179 1062 nemus,
1213 1009 1428 1064 saltusque
1461 1008 1617 1050 uetusti

454 1079 739 1132 procumbunt
770 1080 988 1134 solemque
1021 1094 1195 1132 1101111111,
1229 1095 1342 1122 noua
1375 1080 1514 1122 sidera
1547 1084 1744 1130 cer11unt3

452 1149 622 1204 pellitur
654 1165 779 1192 omne
810 1152 902 1193 loco
935 1152 1158 1193 uolucrum
1191 1166 1326 1206 genus
1359 1156 1485 1207 atque
1519 1152 1720 1204 ferarum,

453 1222 735 1277 antiquasque
768 1223 915 1265 domos
948 1227 989 1264 et
1021 1228 1121 1265 nota
1152 1224 1309 1265 cubilia
1339 1224 1549 1279 linquunt.

453 1296 518 1333 ast
551 1293 620 1334 alii
654 1293 814 1336 silicem
847 1295 891 1335 111
923 1309 1067 1336 muros
1100 1298 1141 1336 et
1173 1309 1388 1336 marmora
1418 1295 1586 1349 templis

382 1377 434 1405 780
453 1363 675 1417 rimantur,
708 1365 893 1420 ferrique
926 1366 1042 1420 rigor
1072 1380 1149 1421 per
1182 1370 1373 1421 tempora
1406 1370 1506 1407 nota

454 1436 690 1490 quaeritur3
723 1436 821 1478 hinc
854 1441 979 1489 artes,
1013 1437 1111 1478 hinc
1145 1438 1282 1478 omnis
1314 1437 1514 1478 conuenit
1546 1451 1658 1477 usus.

453 1510 552 1548 tunc
586 1507 757 1548 demum
791 1509 1009 1562 consurgit
1042 1523 1160 1563 opus³
1194 1522 1291 1550 cum
1324 1512 1476 1549 cuncta
1509 1511 1748 1563 supersunt,

453 1593 505 1619 116
538 1579 700 1621 medios
732 1584 903 1635 rumpat
934 1594 1082 1622 cursus
1114 1583 1390 1635 praepostera
1423 1594 1543 1621 cura:

453 1651 510 1691 sic
544 1651 648 1692 mihi
681 1652 898 1693 cunctanti
930 1656 1073 1693 tantae
1106 1652 1334 1693 succedere
1366 1651 1468 1692 moli

382 1735 434 1763 785
454 1722 652 1763 materies
684 1723 869 1777 primum
903 1737 1045 1764 rerum
1077 1723 1242 1764 ratione
1273 1726 1436 1763 remota

454 1793 661 1834 tradenda
693 1798 770 1846 est,
802 1794 909 1835 ratio
943 1795 996 1836 sit
1028 1808 1080 1835 ue
1112 1799 1208 1849 post
1239 1794 1371 1845 irrita,
1406 1807 1514 1834 neue

454 1870 708 1919 argumenta
738 1866 860 1907 nouis
893 1869 1091 1920 stupeant
1122 1865 1341 1906 nascentia
1373 1865 1512 1906 rebus.

524 1950 625 1991 ergo
659 1951 752 1992 age,
784 1937 1009 1978 noscendis
1040 1937 1230 1978 animum
1263 1951 1469 1992 compone
1501 1950 1700 1991 sagacem

455 2007 712 2059 cardinibus,
746 2009 818 2063 qui
850 2022 927 2063 per
959 2008 1165 2049 mundum
1199 2012 1296 2049 sunt
1328 2012 1528 2063 quattuor
1560 2021 1707 2049 omnes

384 2093 434 2120 790
454 2079 645 2133 dispositi
679 2093 847 2134 semper
878 2083 1129 2134 mutantque
1162 2079 1352 2120 uolantia
1384 2079 1517 2133 signa.

454 2164 563 2191 unus
596 2151 649 2191 ab
683 2154 831 2192 exortu
863 2150 968 2191 caeli
1001 2150 1213 2192 nascentis
1244 2150 1287 2191 111
1320 2150 1479 2201 orbem,

456 2235 539 2275 qua
570 2223 755 2276 primum
788 2226 923 2263 terras
957 2222 1121 2276 aequali
1156 2221 1290 2262 limite
1324 2221 1470 2262 cernit.

455 2293 561 2334 alter
592 2294 645 2335 ab
678 2293 861 2335 aduersa
892 2293 1153 2348 respondens
1186 2293 1369 2334 aetheris
1403 2306 1489 2346 ora,

456 2364 566 2405 unde
599 2364 709 2419 fugit
740 2364 923 2406 mundus
955 2378 1245 2420 praecepsque
1276 2364 1319 2405 in
1352 2367 1511 2405 tartara
1544 2364 1689 2404 tendit.

384 2450 436 2479 795
456 2436 603 2477 tertius
636 2436 788 2476 excelsi
824 2436 963 2490 signat
994 2436 1176 2490 uestigia
1209 2435 1329 2487 caeli,

456 2521 540 2562 qua
571 2506 762 2548 defessus
795 2507 914 2562 equis
947 2506 1145 2548 Phoebus
1178 2505 1367 2548 subsistit
1398 2505 1560 2547 anhelis

456 2578 724 2633 declinatque
757 2578 869 2620 diem
902 2579 1149 2633 mediasque
1182 2577 1397 2619 examinat
1427 2576 1613 2618 umbras.

388 2757 454 2791 765
481 2755 635 2790 mundil
662 2775 703 2778 —
731 2757 796 2790 766
823 2756 981 2790 obstrusa
1008 2766 1027 2790 c
1052 2755 1208 2800 calliyine
1226 2755 1282 2790 lm
1311 2774 1352 2777 —
1379 2755 1445 2788 767
1470 2752 1620 2788 canendi
1638 2762 1659 2787 Ο
1686 2772 1727 2775 -
1754 2753 1817 2786 771
1845 2750 1978 2787 nuncia

245 2820 401 2856 stiterint
419 2830 456 2855 m
482 2820 529 2855 ad
553 2832 639 2855 usus
656 2830 677 2855 0
697 2840 737 2842 —
759 2822 824 2854 772
843 2820 883 2854 in
899 2820 1006 2855 undis
1024 2830 1059 2855 m
1086 2822 1305 2864 consurgunt
1320 2829 1341 2854 o
1367 2818 1464 2854 orbes
1481 2827 1502 2852 Ο
1535 2837 1576 2840 -
1611 2818 1678 2852 773
1703 2816 1869 2852 conditur
1887 2825 1907 2850 o
1936 2835 1977 2839 —-

248 2887 314 2920 775
338 2886 448 2921 uertit
463 2895 484 2920 0
507 2905 553 2908 ——
578 2887 645 2920 778
668 2885 800 2929 linquit
816 2895 840 2929 g
865 2904 907 2908 -
933 2887 999 2920 779
1026 2885 1146 2929 templi
1164 2895 1184 2919 0
1212 2884 1366 2929 (templis
1384 2894 1407 2927 p
1417 2882 1464 2923 M)
1492 2902 1533 2905 —
1553 2884 1618 2917 781
1646 2882 1761 2916 omnis
1786 2891 1857 2915 0111.
1877 2891 1913 2915 m
1934 2900 1975 2903 —

248 2952 335 2986 ante
356 2952 422 2986 788
441 2950 703 2985 demo-dinibus
721 2950 846 2984 mundi
864 2960 932 2994 gm
953 2950 980 2992 (l
1000 2950 1037 2984 111
1058 2950 1192 2993 marg.)
1214 2969 1254 2972 -
1275 2950 1341 2984 789
1366 2952 1439 2984 01713
1456 2947 1501 2991 lg
1523 2967 1562 2970 —
1583 2949 1601 2982 7
1607 2948 1649 2982 92
1673 2946 1734 2991 qui
1752 2956 1776 2990 g
1801 2956 1869 2989 qua
1887 2956 1914 2979 ω
1934 2965 1975 2970 ——

249 3018 315 3051 794
339 3016 567 3061 princepsque
585 3025 621 3050 111
646 3026 870 3060 praecepsqu.
891 3025 918 3047 ω
946 3034 987 3037 -
1016 3016 1081 3051 795
1110 3014 1294 3060 11631191αο
1324 3032 1364 3037 —-
1394 3014 1459 3049 796
1486 3024 1551 3058 quo
1571 3023 1591 3047 0
1618 3011 1771 3047 habenis,
