2106 3334
747 92 855 128 biber
883 93 944 128 IV.
995 93 1192 129 789κ-814.
1745 95 1822 134 117

309 237 585 292 proximaque
617 237 764 278 Italiae
798 236 913 277 tenui
946 235 1082 277 diuisa
1115 236 1324 290 profundo

239 323 290 350 790
311 323 385 349 ora
417 309 529 363 paris
563 308 753 362 sequitur
785 308 900 361 leges
934 321 1010 347 nec
1043 307 1180 348 sidere
1213 310 1338 361 rupta
1369 311 1443 346 est.

310 384 366 431 tu,
401 379 658 434 capricorne,
694 379 817 433 regis,
853 377 1051 433 quicquid
1086 378 1162 419 sub
1192 378 1279 418 sole
1312 377 1487 418 cadente

309 454 372 491 est
403 451 599 504 positum,
633 450 903 505 gelidamque
936 448 1114 489 Helicen
1147 449 1259 503 quod
1292 448 1426 502 tangit
1458 448 1510 488 ab
1542 448 1626 496 illo,

308 521 522 575 Hispanas
554 524 702 575 gentes
735 524 776 561 et
808 523 910 574 quot
942 520 1023 560 fert
1056 519 1195 560 Gallia
1228 520 1360 570 diues,

310 595 433 646 teque
466 592 566 632 feris
600 592 772 646 dignam
808 595 985 643 tantum,
1021 590 1265 642 Germania,
1300 595 1477 630 matrem

238 677 289 704 795
310 663 458 703 asserit
490 663 737 717 ambiguum
769 662 884 703 sidus
918 666 1139 715 terraeque
1172 662 1384 715 marisque

308 733 492 774 aestibus
526 733 705 774 assiduis
738 736 914 787 pontum
946 736 1164 786 terrasque
1197 736 1424 773 tenentem.

310 804 383 844 sed
416 805 582 845 iuuenis
616 804 750 844 nudos
783 803 988 844 formatus
1020 803 1187 844 mollior
1220 807 1335 843 artus

308 874 549 929 Aegyptum
583 875 635 915 ad
668 874 853 928 tepidam
885 873 1034 928 Tyrias
1068 873 1296 928 Syriasque
1329 873 1488 914 recedit

309 948 350 985 et
382 944 561 986 Cilicum
593 948 740 999 gentes
773 944 914 985 uicina
946 948 986 985 et
1019 944 1218 998 aquarius
1251 958 1366 984 arua.

238 1030 290 1056 800
309 1015 494 1069 piscibus
528 1015 768 1070 Euphrates
801 1015 923 1056 datus
956 1019 1032 1067 est,
1067 1014 1138 1056 ubi
1170 1014 1297 1069 piscis
1326 1018 1545 1069 †uruptor,

303 1100 398 1127 cum
431 1086 598 1141 fugeret
629 1087 850 1142 Typhona,
883 1087 1029 1127 Venus
1062 1086 1252 1127 subsedit
1282 1086 1325 1126 in
1360 1086 1494 1126 undis.

309 1172 465 1212 magna
495 1158 604 1199 iacet
636 1158 758 1198 tellus
791 1158 958 1212 magnis
991 1158 1253 1198 circumdata
1284 1156 1387 1211 ripis

310 1228 478 1269 Parthis
511 1232 551 1269 et
583 1244 607 1269 a
639 1228 810 1269 Parthis
843 1229 1027 1269 domitae
1060 1243 1135 1283 per
1168 1228 1338 1269 saecula
1369 1231 1532 1281 gentes,

310 1298 548 1353 Bactraque
582 1303 623 1340 et
654 1298 858 1354 Hyreani,
893 1299 1085 1353 Babylon
1118 1303 1159 1339 et
1192 1299 1300 1340 Susa
1333 1298 1571 1352 Panosque,

238 1384 289 1412 805
310 1370 566 1424 nominaque
598 1370 834 1411 innumeris
868 1370 937 1410 uix
970 1370 1291 1424 complectenda
1322 1369 1481 1424 figuriS,

308 1444 349 1481 et
380 1440 520 1494 Tigris
553 1444 594 1481 et
626 1441 742 1482 rubri
775 1441 985 1481 radiantia
1017 1441 1142 1482 litora
1175 1441 1304 1495 ponti.

310 1511 369 1552 sic
401 1511 537 1552 diuisa
570 1516 711 1552 manet
744 1511 866 1553 tellus
898 1526 974 1566 per
1005 1511 1145 1552 sidera
1177 1515 1342 1562 cuncta,

310 1596 332 1622 e
366 1583 517 1637 quibus
549 1583 592 1623 in
624 1577 816 1637 proprias
849 1587 989 1638 partes
1023 1587 1120 1624 sunt
1152 1583 1245 1624 iura
1277 1582 1497 1623 trahenda.

312 1667 494 1708 namque
527 1654 675 1695 eadem
709 1669 817 1709 quae
850 1658 948 1695 sunt
978 1654 1108 1708 signis
1137 1653 1391 1695 commercia
1422 1657 1605 1694 seruant.

240 1739 292 1766 sio
312 1728 440 1778 utque
473 1725 545 1766 illa
576 1725 686 1766 inter
717 1740 761 1766 se
795 1729 948 1766 coeunt
980 1726 1160 1780 odioque
1192 1728 1446 1780 repugnant,

313 1809 422 1836 nunc
456 1796 637 1837 aduersa
667 1797 764 1851 polo
797 1811 909 1838 nunc
942 1801 983 1838 et
1015 1799 1239 1838 coniuncta
1271 1797 1450 1851 trigono,

312 1880 505 1922 quaeque
539 1868 621 1908 alia
652 1869 696 1909 in
729 1868 870 1909 uarios
903 1869 1079 1909 affectus
1112 1883 1241 1909 eausa
1274 1868 1497 1922 gubernat,

311 1937 369 1978 sic
402 1942 538 1980 terrae
571 1939 697 1980 terris
729 1940 1000 1994 respondent,
1034 1939 1206 1981 orbibus
1239 1940 1376 1990 orbes,

310 2008 434 2050 litora
464 2009 671 2063 litoribus,
706 2010 846 2066 regnis
881 2011 1092 2052 contraria
1123 2025 1274 2065 regna3

242 2131 309 2165 789
327 2130 428 2166 italia
445 2134 515 2167 eto
534 2152 575 2156 -—
596 2135 664 2169 790
676 2133 797 2177 patris
814 2133 826 2168 l
845 2134 951 2178 paris
969 2144 1003 2169 m
1024 2133 1145 2178 patris
1163 2143 1214 2177 gc
1237 2137 1287 2168 est
1304 2132 1413 2167 deest
1431 2132 1467 2166 in
1489 2142 1513 2176 g
1534 2150 1574 2154 —
1594 2133 1659 2167 791
1678 2130 1831 2174 caprior-

99 2206 201 2229 corne
218 2205 255 2229 m
292 2195 469 2231 cadentem
490 2196 578 2233 lme
614 2197 754 2233 cadente
775 2209 799 2242 g
835 2218 876 2221 —
916 2201 936 2234 7
940 2200 984 2234 92
1022 2198 1218 2243 eoepositwn
1238 2207 1259 2232 o
1296 2220 1334 2223 w
1370 2198 1438 2232 793
1469 2195 1650 2241 hispanias
1668 2195 1680 2230 l
1714 2197 1831 2239 gentes

102 2255 150 2271 “³¹¹
171 2259 349 2331 magtinile.
367 2271 428 2295 seii
452 2262 541 2306 quod
555 2273 574 2297 c
596 2275 626 2308 9.
644 2263 784 2307 quodni
803 2275 835 2307 9.
853 2266 889 2298 et
903 2264 992 2308 quod
1007 2274 1030 2308 g
1044 2284 1088 2287 —
1103 2264 1170 2299 795
1188 2259 1348 2308 aleeritl
1371 2261 1505 2297 adserit
1517 2272 1552 2296 m
1576 2261 1702 2296 asserit
1714 2270 1767 2304 gc
1787 2280 1828 2283 —

103 2344 170 2378 796
196 2342 368 2377 Astibusl
395 2343 539 2379 Letibus
557 2355 608 2388 gc
637 2345 788 2380 aestibus
806 2356 843 2380 m
868 2346 1026 2381 adsiduis
1043 2357 1079 2381 ni
1108 2366 1149 2369 —-
1176 2348 1242 2382 797
1270 2345 1365 2381 nudo
1384 2355 1404 2380 Ο
1431 2343 1625 2389 formatisl
1656 2343 1776 2378 melior
1792 2354 1829 2378 m

101 2411 199 2441 actus
216 2406 227 2441 l
238 2417 274 2441 m
297 2409 378 2442 actu
396 2418 448 2451 gc
466 2431 510 2434 —
528 2411 597 2445 798
616 2410 813 2455 Aeqyptum
832 2411 1006 2455 (depictam
1025 2411 1203 2456 tyriasque
1220 2411 1345 2446 recedit
1358 2410 1399 2445 lc
1425 2409 1573 2454 (Eqiptu
1586 2430 1598 2436 -
1613 2409 1779 2453 tiriasque
1794 2408 1829 2450 e)

103 2473 300 2516 Aegyptum
329 2470 379 2517 ΙΙΗΙ
408 2473 558 2517 lepidam
591 2477 613 2509 t.
645 2487 676 2509 r.
702 2486 726 2519 g
774 2475 813 2509 Α.
845 2487 877 2511 a.
910 2476 1059 2520 lepidam
1093 2479 1115 2511 t.
1141 2488 1169 2510 r.
1196 2486 1231 2510 11]
1271 2496 1313 2499 —
1352 2478 1420 2512 799
1454 2476 1567 2520 yentis
1591 2485 1611 2510 o
1651 2473 1769 2508 uicina
1799 2477 1831 2507 et

102 2536 274 2580 aquarius
291 2546 311 2571 o
331 2556 373 2560 -—
393 2538 461 2572 800
487 2539 642 2582 eufrates
660 2539 704 2583 lg·
723 2540 833 2584 piscis
858 2543 1013 2585 uruptor
1029 2540 1102 2585 lgo
1127 2540 1235 2584 pisces
1259 2543 1411 2585 uruptor
1429 2550 1464 2575 m
1484 2560 1528 2563 —
1552 2541 1618 2575 801
1641 2538 1776 2583 fugerit
1793 2548 1828 2572 m

103 2620 205 2654 uenis
230 2629 265 2654 m
310 2639 347 2642 —
386 2620 455 2655 803
486 2588 708 2657 Parthi-igini}
728 2623 904 2667 parthisl
936 2623 1062 2667 parthi
1091 2624 1149 2658 sed
1171 2623 1309 2668 parthis
1333 2633 1385 2667 go
1416 2622 1560 2667 parthis
1591 2625 1624 2657 et
1649 2633 1685 2666 p.
1710 2632 1748 2656 m
1787 2643 1829 2647 ——

104 2685 173 2719 804
198 2671 428 2728 Βαᾷἷίὴνὲιᾳαε
451 2685 618 2721 aetherios
642 2687 795 2722 babilone
818 2693 849 2723 et
873 2684 1141 2734 suffsspimosquel
1167 2688 1332 2732 Βασίνης.
1359 2687 1504 2736 ethei-ios
1535 2687 1691 2722 babilone
1714 2689 1748 2721 et
1770 2686 1830 2721 sis-

99 2749 244 2792 pimosq.
271 2758 296 2793 g
326 2748 493 2793 Bacriaq.
520 2751 664 2786 etherios
694 2752 847 2787 babilone
877 2758 909 2788 et
940 2754 1031 2789 Susa
1050 2764 1232 2797 panosque
1251 2764 1269 2788 c
1307 2753 1507 2797 Bactraque
1536 2756 1568 2786 et
1595 2751 1748 2786 aeternis
1774 2750 1827 2792 <123

105 2813 256 2848 acterius
281 2812 339 2856 (E)
367 2813 548 2858 Babylone
572 2817 606 2850 et
630 2817 721 2851 Susa
746 2817 910 2861 apimosq.
931 2828 966 2852 m
996 2837 1037 2841 —
1064 2819 1132 2854 805
1157 2799 1371 2853 innumeras
1388 2828 1426 2852 m
1457 2810 1733 2861 amplectanda]
1759 2826 1832 2849 am-

105 2877 283 2922 plectenda
301 2888 353 2922 gc
384 2878 623 2923 conplectenda
641 2892 678 2916 m
706 2882 762 2925 (L)
791 2902 832 2906 —
860 2884 929 2918 806
954 2882 1060 2918 litora
1076 2882 1137 2917 lm
1171 2902 1213 2906 —
1246 2884 1314 2919 812
1339 2882 1448 2917 aliam
1474 2880 1645 2916 uariosm
1678 2891 1831 2925 quaeque

107 2951 148 2986 in
166 2959 190 2992 g
214 2963 365 2997 quaeque
389 2943 459 2978 alia
485 2944 523 2979 in
541 2945 582 2980 lc
607 2947 765 2991 adfectus
782 2958 830 2982 in.
