2106 3334
201 119 256 160 80
838 113 950 149 Liber
976 113 1041 150 111.
1090 114 1287 148 434-465.

413 273 464 300 ex
495 258 568 299 illa
599 256 774 298 totidem
806 270 882 311 per
912 259 1054 311 partes
1087 255 1145 297 sic
1178 255 1427 297 breuiantur

342 344 394 371 435
413 329 593 384 lanigeri
626 328 679 369 ad
710 327 830 381 fines,
864 341 1156 382 conuersaque
1189 327 1331 368 omnia
1362 327 1456 381 lege

413 400 628 455 accipiunt
657 399 925 454 perduntque
958 399 1071 454 paris
1105 398 1298 439 cedentia
1330 402 1474 439 sortes.

413 472 518 512 haec
550 471 620 511 uia
652 470 904 511 monstrabit
937 470 1170 511 stadiorum
1202 483 1361 524 ponere
1394 483 1580 510 summas

413 546 454 583 et
486 555 711 582 numerare
744 555 840 582 suos
874 544 990 581 ortus
1021 554 1099 595 per
1131 540 1271 581 sidera
1304 543 1467 581 cuncta.

415 613 527 668 quod
559 612 667 653 bene
700 626 795 653 cum
828 612 1008 667 propriis
1042 611 1167 652 simul
1200 612 1488 665 acceptaueris
1521 611 1648 662 horis,

343 700 395 726 440
414 685 457 725 in
491 683 607 724 nulla
638 683 758 724 fallet
789 683 962 738 regione
995 683 1253 737 horoscopus
1285 696 1502 736 umquam,

413 769 508 796 cum
541 758 740 810 poterunt
772 754 896 795 certis
929 754 1145 794 numerari
1179 753 1348 806 singula
1381 754 1502 807 signa

415 825 676 881 temporibus
709 829 827 880 parte
861 840 911 866 ex
942 825 1028 877 illa,
1063 839 1190 879 quam
1225 824 1423 865 Phoebus
1456 824 1642 865 habebit.

482 912 593 938 nunc
627 897 779 951 quibus
811 897 978 937 hiberni
1011 897 1236 937 momentis
1269 909 1442 949 surgere
1474 909 1642 936 menses

416 970 633 1024 incipiant,
666 981 804 1022 neque
836 968 949 1008 enim
981 968 1154 1022 paribus
1186 981 1261 1021 per
1293 967 1432 1008 sidera
1465 971 1615 1007 cuncta

344 1057 396 1083 445
415 1040 651 1096 procedunt
683 1039 899 1094 gradibus,
934 1038 1046 1079 niuei
1080 1038 1179 1078 dum
1213 1038 1373 1078 uellera
1407 1038 1516 1092 signi

418 1112 669 1166 contingunt
701 1124 882 1165 aequum
916 1110 1032 1151 luces
1065 1110 1260 1164 cogentia
1293 1114 1333 1150 et
1366 1109 1537 1150 umbras

418 1184 527 1224 ferre
559 1184 720 1237 iugum,
753 1196 910 1236 magna
943 1185 1005 1222 est
1037 1181 1144 1222 ratio
1177 1181 1449 1235 breuiterque
1480 1181 1682 1221 docenda.

417 1254 624 1310 principio
658 1253 864 1308 capienda
895 1253 971 1293 tibi
1005 1256 1067 1293 est
1099 1266 1299 1293 mensura
1331 1252 1427 1303 diei,

419 1340 546 1381 quam
580 1325 799 1365 minimam
833 1324 1106 1378 capricornus
1139 1324 1227 1377 agit
1258 1323 1477 1377 noctisque
1510 1337 1585 1377 per
1618 1322 1743 1363 horas

346 1414 399 1440 450
419 1411 545 1452 quam
580 1409 810 1447 summam3
845 1408 1012 1449 quoque
1045 1394 1098 1435 ad
1131 1395 1262 1435 iustas
1294 1394 1563 1449 superauerit
1597 1393 1768 1434 umbras

419 1472 459 1509 et
491 1466 672 1522 trepidet
702 1467 833 1518 luces,
867 1466 956 1506 eius
989 1479 1086 1520 pars
1119 1466 1243 1506 tertia
1275 1465 1396 1520 signo

418 1538 624 1580 tradenda
655 1542 718 1579 est
749 1537 888 1578 medio
922 1551 1107 1592 semper3
1141 1551 1225 1591 qua
1257 1540 1368 1577 sorte
1400 1540 1563 1577 retenta

419 1610 593 1651 dimidio
625 1609 770 1649 uincat
800 1608 998 1663 primum,
1032 1608 1230 1648 uincatur
1261 1612 1302 1648 et
1332 1608 1471 1662 ipsum

419 1685 619 1723 extremo.
685 1683 819 1721 totum
851 1680 894 1720 in
927 1683 1068 1734 partes
1100 1679 1159 1720 ita
1192 1679 1336 1734 digere
1368 1682 1549 1733 tempus.

347 1769 399 1795 455
418 1753 484 1794 his
516 1752 666 1807 opibus
698 1751 778 1792 tria
811 1751 932 1805 signa
963 1750 1128 1802 ualent3
1163 1750 1236 1791 sed
1267 1764 1432 1791 summa
1464 1750 1615 1804 prioris

421 1824 594 1866 accedat
625 1823 804 1870 numeri,
839 1823 1064 1863 coniuncta
1095 1822 1369 1876 sequentibus
1402 1821 1524 1862 astris

420 1895 612 1946 cesserit3
645 1898 702 1944 ut,
737 1894 868 1935 ternis
900 1893 1028 1935 fuerit
1061 1894 1095 1934 si
1126 1893 1292 1948 longior
1324 1893 1438 1934 horis

420 1967 625 2009 brumalis
656 1980 741 2007 nox
772 1965 879 2006 forte
911 1965 992 2017 die,
1028 1965 1299 2019 capricornus
1332 1969 1373 2005 et
1405 1964 1510 2006 hora

421 2037 596 2080 dimidia
628 2037 792 2079 attollat
821 2037 950 2090 luces,
985 2040 1025 2077 et
1058 2037 1258 2091 aquarius
1290 2036 1439 2077 horam

350 2126 403 2153 460
422 2111 511 2165 ipse
545 2123 665 2150 suam
696 2108 865 2164 proprie
897 2108 1025 2149 ducat
1056 2121 1333 2162 summaeque
1365 2108 1495 2163 priori

421 2182 642 2235 adiungat3
675 2181 811 2235 pisces
844 2184 1009 2221 tantum
1041 2180 1120 2221 sibi
1153 2180 1355 2235 temporis
1386 2180 1468 2235 ipsi

423 2253 693 2305 constituant,
727 2256 933 2307 quantum
966 2252 1176 2306 accipiant
1208 2251 1259 2292 de
1291 2255 1402 2292 sorte
1434 2251 1637 2306 priorum,

424 2328 464 2365 et
494 2324 629 2365 tribus
662 2323 839 2378 expletis
871 2323 985 2364 horis
1018 2327 1270 2378 noctemque
1303 2323 1500 2377 diemque

422 2396 612 2450 lanigero
645 2395 815 2436 tradant
846 2394 1114 2449 aequandam
1146 2398 1336 2449 tempore
1368 2394 1493 2435 ueris.

352 2482 404 2508 465
423 2466 570 2522 incipit
602 2481 627 2508 a
659 2470 777 2507 sexta
808 2470 974 2521 tempus
1007 2466 1235 2521 procedere
1267 2470 1387 2521 parte

351 2592 418 2626 436
451 2601 562 2635 pares
580 2599 600 2625 o
634 2609 675 2613 —
708 2590 775 2624 437
808 2591 1019 2625 monstrabit
1037 2599 1061 2634 g
1092 2590 1309 2625 monstrauit
1327 2599 1353 2621 ω
1379 2589 1538 2633 pondere
1557 2597 1576 2622 c
1607 2607 1654 2610 —
1685 2588 1774 2622 ante
1802 2587 1869 2622 443
1901 2586 1941 2621 in

214 2665 333 2699 marg.
363 2655 393 2690 l:
438 2657 479 2690 de
516 2655 767 2690 accessionibus
803 2658 928 2699 tepora
960 2658 992 2690 et
1023 2641 1285 2697 ἦοεεεεεῖοηὶὒῑιε,
1313 2664 1350 2688 m
1375 2654 1462 2688 ante
1489 2653 1557 2688 443
1587 2650 1872 2696 (desessz‘onibus)
1898 2670 1940 2674 —-

214 2722 282 2756 443
308 2720 493 2756 hibernisl
526 2739 569 2743 —-
601 2722 669 2754 444
696 2721 863 2765 incipiam
885 2719 942 2755 lm
977 2739 1019 2743 ——
1051 2721 1119 2754 446
1150 2721 1355 2764 continymzt
1375 2728 1410 2753 11]
1443 2719 1653 2763 σοηΐὶηῃιιηί
1673 2728 1700 2750 ω
1736 2718 1824 2752 lucis
1844 2726 1865 2751 O
1897 2737 1942 2741 —-

215 2787 282 2820 449
300 2786 424 2821 horam
442 2795 463 2820 o
486 2783 631 2829 (noctiskl
646 2796 714 2829 per
730 2785 852 2820 horam
872 2785 937 2829 gc)
963 2804 1005 2808 —
1030 2786 1099 2820 450
1117 2786 1163 2819 ad
1181 2786 1273 2820 iusto
1292 2794 1312 2819 0
1335 2784 1438 2819 horas
1458 2793 1477 2818 c
1502 2784 1648 2818 umbras
1667 2792 1693 2814 ω
1720 2801 1762 2805 --
1788 2782 1853 2816 451
1875 2783 1942 2815 tre-

210 2852 340 2895 pident
357 2860 378 2885 o
397 2870 439 2874 —
459 2852 527 2885 454
551 2851 591 2885 in
617 2859 688 2884 om.
709 2859 733 2893 g·
760 2839 880 2897 (lgyere
896 2850 910 2885 l
929 2869 971 2874 —
996 2851 1063 2885 456
1090 2851 1261 2884 accedito
1290 2868 1329 2873 —
1354 2850 1422 2883 458
1450 2848 1606 2883 brumali
1623 2857 1644 2882 ο
1680 2848 1719 2882 in
1743 2847 1829 2881 hora
1851 2855 1872 2881 o
1898 2864 1940 2868 —

216 2917 283 2951 459
312 2915 535 2951 dimidiam]
563 2934 605 2939 —
631 2916 696 2949 461
728 2914 827 2959 ipsae
849 2925 873 2959 g
908 2916 985 2959 ipse
1008 2914 1096 2949 lcm
1124 2936 1167 2940 —
1195 2916 1262 2949 462
1288 2915 1467 2958 accipiant
1496 2914 1537 2948 de
1567 2914 1647 2948 sede
1665 2912 1804 2956 prioris
1828 2920 1865 2946 m
1899 2929 1941 2934 —

217 2982 285 3016 463
312 2992 328 3016 e
353 2982 466 3016 tribus
484 2990 521 3015 m
548 2999 591 3004 —
617 2981 685 3015 465
707 2991 777 3025 par
803 2979 863 3015 tel
884 2992 957 3024 par
982 2983 1084 3024 tepus
1102 2990 1151 3015 m.
