2106 3334
239 152 290 192 54
579 127 581 130 ⁴
883 143 993 179 Liber
1020 143 1064 178 11.
1118 142 1314 177 646-675.

449 306 544 332 nam
579 304 655 330 sua
687 287 903 342 quanli-atis
937 287 1127 329 ueniunt.
1162 300 1237 326 sua
1270 286 1361 325 iura
1394 284 1583 339 trigonis³

448 366 490 402 et
520 375 629 415 quae
662 373 737 414 per
769 372 892 399 senos
925 358 1110 398 decurrit
1140 357 1309 411 uirgula
1342 360 1513 409 tractus,

449 445 642 486 quaeque
675 434 789 471 secat
821 429 1008 469 medium
1042 432 1283 469 transuerso
1317 427 1449 468 limite
1481 428 1657 468 eaelum.

447 503 543 543 hinc
576 501 702 542 modo
735 500 807 541 dat
839 500 1022 540 mundus
1056 500 1180 550 uires,
1216 499 1339 540 modo
1374 499 1525 540 deterit
1556 498 1682 549 idem,

378 589 429 614 (550
450 586 644 628 quaeque
677 572 760 612 illic
794 575 966 612 sumunt
998 571 1094 623 iras,
1128 571 1210 611 huc
1244 575 1337 611 acta
1368 575 1589 625 reponunt.

450 642 583 683 distat
615 640 732 682 em'm
763 643 972 695 wuyatne
1006 640 1155 681 eadem
1186 639 1392 681 subeatne
1427 639 1607 680 cedatne

449 715 637 756 crebrius
671 714 860 755 aduersis
893 714 1039 754 odium
1071 718 1145 754 est.
1211 717 1389 767 cognata
1423 711 1639 766 quadratis

449 801 626 841 corpora
658 790 884 827 censentur
917 786 1047 840 signis
1080 790 1121 826 et
1153 785 1290 826 amica
1320 784 1510 840 trigonis.

452 872 527 899 nec
559 858 665 899 ratio
699 858 880 899 obscura
913 862 993 908 est3
1027 871 1126 898 nam
1160 860 1357 911 quartum
1390 855 1586 911 quodque
1619 853 1775 895 locauit

378 944 429 969 (555
450 929 638 970 eiusdem
671 930 839 984 generis
872 930 1041 984 signum
1076 933 1227 969 natura
1259 943 1336 983 per
1368 928 1533 977 orbem3

450 1005 649 1055 quattuor
680 1001 849 1055 aequali
882 1001 1046 1042 caelum
1079 1000 1322 1041 discrimine
1354 1000 1536 1054 signant,

450 1073 492 1113 in
526 1073 679 1126 quibus
712 1072 912 1114 articulos
944 1072 1045 1113 anni
1076 1072 1180 1113 deus
1212 1072 1301 1127 ipse
1335 1071 1515 1112 creauit:

451 1158 527 1184 uer
559 1144 680 1195 aries,
715 1143 915 1185 Cererem
947 1158 1112 1196 cancer,
1144 1143 1446 1198 Bacchumque
1478 1140 1722 1182 ministrans

448 1214 569 1267 libra,
603 1229 730 1270 caper
761 1216 957 1257 brumam
990 1215 1243 1270 genitusque
1276 1215 1331 1256 ad
1362 1215 1522 1269 frigora
1554 1213 1692 1268 piscis.

379 1301 431 1327 eoo
452 1300 528 1327 nec
562 1301 645 1328 non
679 1291 720 1328 et
753 1287 908 1342 duplici
943 1301 1051 1342 quae
1085 1291 1182 1328 sunt
1214 1301 1374 1328 conexa
1405 1286 1544 1340 figura

450 1363 648 1411 quartum
681 1372 892 1413 quemque
924 1358 1065 1399 locum
1098 1358 1292 1399 retinent.
1358 1358 1440 1398 duo
1474 1370 1647 1398 cernere
1680 1355 1816 1411 pisces

449 1432 490 1469 et
521 1429 714 1483 geminos
746 1429 924 1470 iuuenes
957 1429 1254 1484 duplicemque
1286 1429 1329 1469 in
1361 1429 1527 1483 uirgine
1560 1428 1741 1468 formam

451 1503 493 1540 et
524 1500 606 1541 duo
640 1500 830 1541 centauri
862 1501 960 1541 licet
991 1514 1074 1541 uno
1107 1500 1150 1541 in
1184 1514 1360 1555 corpore
1392 1503 1543 1541 textus.

451 1571 509 1612 sic
543 1575 583 1611 et
616 1571 878 1626 simplicibus
910 1571 1042 1626 signis
1075 1576 1157 1613 stat
1188 1572 1326 1613 forma
1358 1571 1577 1626 quadrata.

380 1657 431 1682 665
450 1656 551 1682 nam
583 1656 722 1697 neque
754 1647 901 1684 taurus
933 1643 1062 1684 habet
1094 1644 1304 1693 comitem,
1338 1657 1417 1684 nec
1448 1642 1638 1697 iungitur
1669 1641 1743 1682 ulli

451 1713 688 1754 horrendus
718 1714 798 1766 leo,
834 1728 909 1755 nec
942 1715 1091 1755 metuit
1124 1715 1214 1755 sine
1247 1728 1444 1769 compare
1477 1726 1736 1769 quemquam

452 1785 655 1839 scorpius,
689 1789 815 1839 atque
847 1800 931 1827 uno
965 1790 1162 1827 censetur
1193 1786 1393 1841 aquarius
1426 1789 1552 1827 astro.

453 1856 513 1896 sic
545 1870 838 1911 quaecumque
871 1861 1046 1898 manent
1078 1858 1285 1912 quadrato
1319 1857 1488 1899 condita
1518 1856 1676 1912 templo

452 1927 586 1981 signa,
619 1942 767 1982 parem
799 1928 990 1969 referunt
1021 1928 1209 1970 numeris
1242 1933 1315 1970 aut
1346 1933 1536 1983 tempore
1569 1931 1723 1969 sortem

378 2013 431 2038 ὅτι)
451 2012 499 2038 ac
532 1999 664 2039 ueluti
697 2003 876 2053 cognata
908 2004 1083 2041 manent
1114 2001 1191 2041 sub
1224 2000 1394 2041 foedere
1425 2000 1511 2041 tali.

450 2069 605 2110 idcirco
640 2069 791 2111 affines
824 2071 993 2125 signant
1024 2071 1313 2126 gradibusque
1344 2071 1594 2126 propinquis

380 2154 431 2181 672
453 2140 658 2181 accedunt
690 2156 860 2196 unaque
892 2146 1038 2183 tenent
1069 2143 1146 2183 sub
1180 2143 1365 2197 imagine
1397 2147 1531 2184 natos.

380 2225 431 2250 674
451 2225 560 2265 quae
593 2226 852 2267 quamquam
884 2214 927 2254 in
960 2217 1101 2269 partes
1134 2214 1259 2255 diuisi
1293 2218 1492 2269 quattuor
1524 2215 1637 2256 orbis

381 2297 432 2322 675
453 2282 592 2324 sidera
624 2284 832 2338 quadrata
865 2284 1068 2338 efficiunt,
1101 2299 1186 2326 non
1218 2286 1312 2340 lege
1346 2286 1541 2340 quadrati

381 2418 447 2452 647
467 2410 518 2462 311
543 2440 585 2445 ——
611 2420 678 2454 648
701 2424 820 2464 secant
840 2420 852 2455 l
881 2423 1085 2456 secantem
1111 2427 1201 2456 secat
1219 2433 1243 2466 3·
1269 2441 1311 2446 -—
1337 2424 1403 2457 649
1428 2423 1588 2457 deterito
1616 2442 1657 2446 —-
1683 2424 1752 2458 650
1774 2423 1903 2459 uir-esc
1927 2445 1973 2450 —-

240 2481 307 2515 654
344 2481 500 2526 quodque
530 2493 554 2527 3
585 2495 717 2527 quoque
747 2496 773 2517 ο)
814 2504 854 2508 -
896 2486 964 2520 658
997 2487 1206 2531 beccumque
1237 2497 1273 2521 n]
1317 2487 1530 2531 bachumque
1558 2497 1582 2531 g
1622 2488 1850 2533 bacchumque
1876 2488 1889 2522 l
1930 2507 1972 2512 —

219 2560 222 2563 ¹
240 2547 306 2580 659
315 2546 521 2591 qenitusque
532 2557 553 2583 o
562 2548 702 2593 piscoso
715 2550 825 2593 piscis
839 2562 866 2583 ω
878 2570 919 2573 -
931 2553 999 2586 660
1015 2552 1168 2586 corteoeal
1186 2564 1343 2588 cormeoea
1354 2562 1378 2597 g
1391 2556 1521 2588 c—oneoea
1538 2562 1573 2586 m
1587 2555 1702 2587 -661
1721 2563 1972 2598 quemqueo—

241 2618 306 2651 662
325 2617 469 2653 iuuenes
482 2628 506 2662 g
523 2618 666 2655 iuuenis
678 2631 705 2653 ω
720 2641 763 2644 -
779 2623 846 2657 663
864 2633 937 2657 uno
953 2633 1091 2666 corpore
1105 2623 1163 2658 lm
1174 2634 1193 2658 c
1207 2635 1276 2659 uno
1289 2626 1328 2659 in
1340 2635 1481 2667 corpore
1495 2600 1686 2668 3ἶιὶίῖἷιαννι
1701 2635 1726 2669 3
1741 2626 1875 2659 temtum
1885 2635 1913 2657 ω
1927 2646 1971 2650 —

241 2682 307 2716 665
333 2682 500 2727 pinyitur
517 2683 558 2718 lc
589 2696 632 2719 ne
656 2686 809 2730 cinyz'tur
825 2697 863 2721 m
894 2687 1055 2732 iunyitur
1073 2698 1097 2732 g
1130 2709 1172 2712 —
1205 2690 1273 2723 666
1306 2691 1379 2724 sine
1402 2701 1520 2734 copore
1545 2701 1565 2726 o
1599 2710 1641 2714 -
1676 2692 1742 2725 667
1772 2689 1927 2734 scm-pius
1951 2699 1972 2724 o

239 2748 462 2790 censentur]
493 2754 676 2784 censentur
699 2760 723 2794 3
754 2755 919 2787 censetur
939 2763 1006 2788 cm
1039 2773 1080 2776 ——
1117 2755 1177 2789 671
1214 2742 1376 2798 atffinesl
1408 2755 1540 2798 adfines
1556 2766 1592 2790 m
1625 2755 1755 2800 affines
1772 2765 1823 2799 gc
1851 2755 1971 2800 yraui-

239 2811 367 2855 busque
385 2822 406 2846 o
425 2835 468 2838 —
486 2814 574 2857 post
593 2816 659 2849 672
687 2818 902 2859 sequuntur
927 2818 1058 2863 longior
1082 2819 1121 2853 in
1145 2839 1187 2843 —
1211 2820 1412 2854 seruabitur
1436 2820 1519 2855 ordo
1545 2823 1742 2864 677-686,
1770 2821 1848 2855 tum
1876 2822 1971 2863 quot-

239 2878 322 2918 quot
356 2896 396 2899 —
434 2878 591 2913 cardinis
630 2891 715 2914 usus
750 2882 934 2917 673-676
985 2884 1066 2918 tum
1111 2883 1199 2918 adde
1238 2886 1303 2919 687
1348 2884 1387 2919 in
1433 2895 1453 2919 o
1501 2904 1543 2908 —-
1592 2887 1659 2921 673
1704 2880 1797 2933 ιμιοξῑ
1839 2877 1933 2931 quo&
1957 2885 1971 2920 l

238 2941 328 2983 qvwd
351 2942 440 2986 quod
456 2952 495 2977 m
521 2946 687 2987 quotquot
703 2955 754 2989 gc
777 2947 944 2990 propriae
961 2947 974 2981 l
994 2948 1142 2992 proprie
1159 2960 1186 2981 ω
1214 2949 1378 2985 ιιανὶαηιε
1397 2960 1417 2982 o
1449 2969 1491 2973 —-
1523 2952 1590 2985 ¹374
1614 2942 1733 2994 Ρανΐῖθ
1757 2951 1770 2986 l
1795 2954 1909 3002 Partis
1932 2962 1969 2987 m

234 3010 355 3049 partes
373 3016 425 3050 gc
451 3007 664 3052 diuisitlgc
688 3009 850 3054 partibus
876 3011 1004 3047 diuisit
1019 3022 1067 3047 m.
