2106 3334
809 79 921 115 Liber
948 80 991 115 V.
1041 81 1237 116 336—362.
1807 84 1884 124 135

376 224 565 266 carmina
596 223 753 264 furtiuo
786 223 1026 264 modulatus
1057 237 1273 263 murmure
1306 236 1455 263 uocem

376 296 488 337 solus
521 299 562 336 et
592 295 680 349 ipse
713 309 810 335 suas
843 308 1009 349 semper
1041 294 1229 334 cantabit
1261 294 1313 334 ad
1346 308 1481 334 aures.

304 382 355 408 338
375 364 474 405 hinc
507 362 694 405 distante
728 363 824 417 lyra
855 376 963 416 quae
997 376 1160 404 cornua
1193 363 1318 404 ducet
1350 362 1406 403 ad
1438 365 1558 403 astra

306 452 358 478 :340
378 437 478 491 quid
510 436 683 489 regione
716 450 850 490 nepae
883 436 954 476 uix
986 438 1127 489 partes
1160 438 1252 476 octo
1285 434 1490 475 trahentis

376 522 450 548 ara
483 507 588 548 feret
620 507 724 547 turis
756 506 886 547 stellis
917 506 1181 547 imitantibus
1213 506 1355 559 ignem
1388 528 1441 534 —

374 579 415 619 in
450 592 533 632 qua
565 577 707 618 deuoti
739 577 952 632 quondam
985 575 1176 618 cecidere
1208 576 1421 630 gigantes3

374 663 452 690 nec
482 649 598 703 prius
627 648 811 689 armauit
843 647 1026 688 uiolento
1058 647 1235 687 fulmine
1268 647 1459 686 dextram

373 719 574 774 Iuppiter,
608 723 704 759 ante
738 719 838 759 deos
871 732 997 772 quam
1031 716 1216 758 constitit
1247 717 1337 771 ipse
1370 716 1580 767 sacerdos,
1615 739 1668 744 -—

302 805 353 832 345
373 790 474 844 quid
505 790 644 844 potius
674 789 838 843 fingens
871 792 1001 839 ortus,
1034 802 1160 842 quam
1194 787 1352 841 templa
1384 787 1558 828 colentis

373 864 498 914 atque
529 863 768 901 auctoratos
800 860 842 900 in
875 859 999 900 tertia
1029 859 1124 899 iura
1154 858 1370 899 ministros

372 931 651 985 diuorumque
684 944 804 972 sacra
838 930 1080 970 uenerantis
1114 930 1288 970 numina
1318 943 1436 979 uoce,

371 1016 506 1056 paene
538 1002 652 1053 deos,
686 1005 726 1042 et
758 1001 828 1056 qui
861 1001 1023 1055 possint
1054 1004 1236 1041 uentura
1266 1000 1440 1041 uidere?

370 1076 568 1127 quattuor
601 1072 804 1128 appositis
837 1075 1062 1113 centaurus
1094 1071 1285 1126 partibus
1318 1071 1438 1111 effert

299 1159 350 1186 350
371 1144 510 1185 sidera
542 1147 583 1184 et
613 1158 665 1184 ex
696 1143 786 1198 ipso
819 1157 958 1184 mores
991 1142 1262 1183 nascentibus
1295 1141 1423 1182 addit.

370 1218 442 1255 aut
475 1215 653 1256 stimulis
686 1214 865 1267 agitabit
895 1228 1001 1254 onus
1035 1213 1272 1268 mixtosque
1304 1212 1467 1266 iugabit

368 1286 528 1326 semine
562 1285 870 1340 quadrupedes,
905 1290 978 1326 aut
1010 1299 1135 1326 curru
1168 1284 1318 1326 celsior
1349 1283 1439 1335 ibit,

370 1361 442 1398 aut
473 1357 666 1398 onerabit
697 1371 828 1412 equos
860 1357 1001 1407 armis,
1036 1360 1108 1397 aut
1140 1356 1265 1396 ducet
1297 1356 1339 1395 in
1371 1369 1503 1395 arma.

368 1428 438 1469 ille
469 1432 585 1469 tenet
616 1429 803 1469 medicas
836 1432 947 1469 artes
980 1428 1033 1469 ad
1066 1427 1257 1468 membra
1289 1427 1475 1467 ferarum

298 1514 349 1541 355
369 1503 411 1539 et
442 1513 524 1540 non
557 1499 723 1540 auditos
756 1503 969 1540 mutarum
1001 1498 1148 1540 tollere
1182 1498 1364 1539 morbos.

368 1570 446 1611 hoc
480 1574 542 1611 est
574 1570 676 1611 artis
708 1585 826 1624 opus,
859 1584 944 1611 non
977 1572 1221 1624 exspectare
1253 1568 1461 1623 gementis

368 1645 409 1681 et
440 1641 518 1682 sibi
550 1655 633 1682 non
667 1655 843 1694 aegrum
872 1641 957 1681 iam
990 1640 1149 1681 dudum
1182 1639 1354 1680 credere
1387 1653 1551 1693 corpus.

438 1712 548 1753 hunc
581 1712 692 1753 subit
724 1712 975 1762 arcitenens,
1009 1712 1128 1752 cuius
1160 1725 1257 1766 pars
1290 1710 1437 1765 quinta
1470 1710 1673 1750 nitentem

367 1787 581 1824 arcturum
614 1783 798 1824 ostendit
827 1786 978 1838 ponto3
1013 1797 1095 1837 quo
1128 1786 1319 1836 tempore
1351 1781 1460 1822 natis

294 1869 347 1895 360
366 1854 536 1895 fortuna
566 1855 659 1909 ipsa
691 1869 789 1896 suos
822 1855 949 1895 audet
981 1854 1243 1895 committere
1277 1867 1440 1904 census,

362 1925 515 1980 regalis
548 1930 593 1967 ut
625 1940 725 1981 opes
758 1930 800 1967 et
831 1930 976 1967 sancta
1009 1925 1174 1966 aeraria
1205 1928 1389 1974 seruent,

364 2001 591 2051 regnantes
623 1998 700 2039 sub
733 2012 832 2052 rege
865 2012 940 2039 suo
973 2011 1201 2051 rerumque
1232 1995 1426 2046 ministri,

295 2138 362 2172 336
388 2138 575 2173 carminel
600 2139 754 2173 :mine
777 2149 801 2182 g
834 2139 944 2182 (corr.
971 2148 1107 2173 manus
1132 2137 1166 2179 3)
1194 2138 1357 2172 carmina
1382 2146 1446 2171 mc
1474 2154 1515 2158 —
1544 2136 1609 2169 337
1636 2134 1798 2168 cantauit
1821 2132 1878 2167 lm

153 2202 296 2237 adiuris
320 2211 355 2236 m
390 2221 432 2226 —-
465 2203 533 2238 338
560 2201 656 2246 Hiilc
679 2203 691 2238 l
723 2204 779 2238 hic
803 2214 829 2235 m
864 2204 1018 2238 distante
1045 2204 1127 2248 lyra
1158 2215 1238 2238 cum
1263 2213 1349 2246 pars
1375 2201 1544 2236 uicesima
1572 2202 1674 2234 semia
1699 2198 1879 2233 Chelarum

153 2269 273 2311 sumet
286 2278 375 2310 quae
387 2279 520 2319 cornua
535 2269 635 2319 ducet
649 2269 696 2303 ad
710 2271 809 2303 astra
820 2278 840 2303 o
857 2268 1037 2313 (επὶ-961111
1051 2271 1198 2312 Surqent
1210 2278 1244 2302 m
1259 2269 1378 2311 sui-yet
1390 2276 1413 2310 g
1429 2266 1524 2301 ducit
1537 2263 1588 2306 m)
1606 2283 1646 2287 —-
1663 2265 1730 2298 340
1747 2263 1834 2307 quid
1844 2275 1877 2297 m

153 2350 244 2393 quod
257 2347 269 2383 l
293 2339 340 2393 ‹Td
353 2359 404 2393 gs:
423 2322 578 2395 ygidiiziigl
591 2352 703 2395 panis
718 2361 753 2386 m
774 2352 861 2394 pari
878 2352 944 2385 uice
959 2361 1009 2394 gc
1028 2346 1150 2396 partis
1164 2350 1176 2385 l
1190 2353 1313 2395 partes
1327 2360 1345 2384 c
1360 2350 1481 2394 partis
1494 2358 1563 2391 gn]
1584 2366 1625 2370 -—-
1641 2348 1706 2381 341
1723 2347 1843 2390 ferens
1857 2355 1878 2379 o

154 2414 271 2449 thuris
294 2424 315 2449 o
343 2433 385 2438 —
413 2416 481 2449 343
508 2411 632 2459 deoetrii
656 2415 669 2450 l
705 2417 830 2451 deoetra
854 2425 890 2450 m
920 2435 960 2439 -—
994 2417 1062 2450 344
1088 2416 1232 2459 Iupiter
1250 2425 1285 2449 m
1318 2414 1502 2456 constituit
1524 2412 1537 2447 1
1571 2431 1612 2435 -
1649 2412 1715 2446 345
1741 2411 1833 2455 ffiuod
1856 2419 1877 2445 o

153 2480 287 2523 finyent
312 2482 411 2514 ortus
429 2490 449 2515 0
475 2481 622 2516 colentes
640 2480 679 2516 lc
707 2482 851 2516 colentis
870 2490 936 2524 gni
968 2500 1007 2504 —
1039 2481 1106 2516 347
1133 2470 1369 2523 uenerantfisl
1395 2480 1606 2514 uenerantes
1625 2486 1644 2511 c
1670 2487 1768 2511 uoces
1786 2486 1806 2511 ο
1835 2495 1876 2499 —-

154 2545 222 2579 348
253 2556 346 2588 pene
369 2554 390 2579 o
416 2546 557 2589 possint
581 2555 617 2580 m
653 2563 694 2569 —
722 2547 789 2581 349
816 2532 990 2589 cii-{positis
1013 2544 1026 2579 l
1059 2546 1140 2589 adp.
1166 2555 1203 2579 m
1235 2548 1402 2580 centurus
1427 2553 1450 2588 g
1482 2564 1523 2569 —
1556 2543 1623 2577 350
1654 2542 1773 2577 sidera
1791 2541 1877 2576 lmc

153 2609 267 2644 sidere
297 2619 321 2653 g
364 2621 458 2645 more
486 2609 544 2644 lm
588 2622 719 2646 morem
750 2620 774 2654 g
818 2614 912 2644 more}
941 2619 961 2644 c
1004 2629 1048 2633 —
1087 2611 1151 2645 351
1193 2611 1348 2655 ayitauit
1385 2612 1449 2644 aut
1485 2602 1575 2654 omis
1603 2607 1616 2641 1
1654 2607 1743 2652 (0qu
1775 2605 1876 2641 autl

156 2673 258 2709 Vrat.
289 2673 389 2716 coll.)
429 2676 503 2719 aqit
533 2676 685 2710 amomis
716 2684 767 2718 gc
813 2675 970 2719 agitauit
996 2687 1084 2710 onus
1115 2685 1151 2709 m
1198 2676 1393 2718 mixtosque
1422 2684 1445 2718 g
1485 2675 1686 2717 mimasque
1715 2671 1801 2706 lem
1831 2694 1875 2698 —

154 2739 222 2773 352
248 2740 484 2783 quadripedes
502 2749 522 2774 0
554 2752 666 2775 curru
684 2750 708 2783 g·
738 2751 867 2774 currus
883 2750 909 2771 ω
937 2758 978 2762 —-
1006 2740 1074 2774 353
1099 2729 1294 2774 οηεναῖὶὶίΙ
1324 2739 1487 2774 onerauit
1510 2748 1544 2772 m
1577 2738 1735 2772 onerabit
1754 2746 1805 2781 gc
1834 2756 1874 2760 —

155 2804 223 2838 354
247 2804 383 2839 medias
401 2813 498 2847 gem
522 2826 563 2830 m
590 2806 657 2839 355
675 2807 865 2839 mutarunt
884 2813 904 2839 o
929 2823 971 2827 —
996 2805 1064 2839 356
1083 2806 1267 2848 eoepectare
1284 2814 1305 2839 o
1327 2807 1502 2849 gementes
1520 2813 1543 2846 g
1566 2821 1606 2825 —
1631 2803 1697 2838 357
1716 2814 1836 2847 aeqros
1854 2812 1875 2837 o

154 2879 280 2912 corpus
298 2878 319 2903 o
339 2888 381 2891 —
407 2869 475 2904 358
492 2870 602 2903 Hunc
620 2878 640 2904 o
666 2867 887 2904 arceteneml
912 2870 1189 2913 arquitenensm
1211 2881 1281 2914 par
1298 2879 1335 2904 m
1360 2889 1403 2894 —
1429 2870 1495 2904 359
1520 2866 1673 2911 nantisl
1698 2868 1822 2902 nant-is
1838 2877 1875 2902 m

155 2933 313 2975 natisgc
332 2952 375 2957 —
394 2934 459 2968 361
476 2927 630 2979 νεραίξεΙ
647 2930 756 2979 ορᾶεΙ
774 2946 859 2979 opus
872 2944 906 2968 m
923 2933 1036 2978 scalg
1054 2937 1177 2970 sancta
1188 2944 1224 2969 111
1240 2935 1352 2969 seruit
1364 2944 1401 2968 m
1421 2953 1461 2956 —
1482 2934 1549 2969 362
1564 2927 1693 2978 reytf'zol
1712 2945 1815 2978 scyno
1827 2943 1874 2968 111.
