2106 3334
780 76 891 111 Liber
921 75 962 110 11.
1014 76 1209 111 861-892,
1801 76 1850 115 61

339 221 493 262 finibus
525 220 567 261 in
601 219 781 274 propriis
812 222 853 259 et
884 217 1196 273 praetereuntia
1230 217 1342 271 cogit

340 306 431 333 esse
463 292 528 332 sui
558 291 700 340 moris,
734 291 853 331 uario
887 303 998 330 nunc
1031 290 1150 330 diues
1182 289 1356 339 honore,

340 376 452 403 nunc
485 362 651 414 sterilis,
685 375 867 416 poenam
899 361 1129 401 referentia
1161 360 1300 401 sidera
1332 360 1455 400 sedis.

337 447 445 488 quae
477 447 604 488 super
635 436 827 473 exortum
861 436 924 472 est
955 446 979 472 a
1011 445 1176 472 summo
1209 431 1333 471 tertia
1365 430 1495 480 caelo,

268 520 319 545 865
339 504 486 544 infelix
517 503 633 558 regio
667 504 877 557 rebusque
910 503 1082 543 inimica
1113 501 1265 542 futuris

340 579 381 615 et
412 574 514 615 uitio
548 574 729 615 fecunda
761 574 905 624 nimis3
939 587 1016 613 nec
1049 573 1151 625 sola,
1185 572 1258 612 sed
1290 572 1350 612 illi

339 659 416 700 par
448 646 539 698 erit,
573 645 753 685 aduerso
787 658 895 698 quae
928 644 1062 697 fulget
1093 643 1231 684 sidere
1263 643 1384 683 sedes

338 717 482 757 iuncta
514 716 590 756 sub
624 730 791 767 occasu,
825 729 901 755 nec
934 718 1122 769 praestat
1154 714 1326 754 cardine
1359 714 1518 754 mundi.

338 790 517 841 utraque
548 790 769 840 praetenta
801 785 935 826 fertur
967 785 1131 825 deiecta
1162 785 1305 835 ruina3

267 872 319 899 ⁸70
339 871 412 898 ora
443 857 600 897 laboris
633 857 730 905 erit;
765 856 1055 896 scandendum
1089 859 1152 896 est
1185 859 1310 909 atque
1343 855 1592 895 cadendum.

338 941 415 968 nec
447 927 596 968 melior
628 941 755 982 super
787 941 961 968 occasus
994 930 1225 980 contraque
1258 927 1335 967 sub
1368 930 1463 967 ortu

338 1013 427 1039 sors
460 999 599 1053 agitur
630 998 789 1039 mundi.
855 1011 1058 1052 praeceps
1090 997 1209 1050 haec,
1242 997 1315 1037 illa
1347 1011 1528 1052 superne

338 1070 527 1124 pendens
559 1074 632 1110 aut
663 1069 813 1110 metuit
844 1069 984 1110 uicino
1017 1069 1190 1109 cardine
1222 1068 1364 1119 finem,

339 1145 411 1182 aut
442 1140 638 1181 fraudata
670 1141 802 1181 cadet.
866 1143 1016 1181 merito
1049 1139 1267 1195 Typhonis
1298 1140 1509 1181 habentur

267 1227 318 1253 875
337 1212 576 1253 horrendae
609 1211 743 1263 sedes,
778 1225 903 1266 quem
936 1211 1060 1252 tellus
1094 1225 1223 1252 saeua
1255 1211 1456 1265 profudit,

339 1297 468 1338 quum
502 1283 661 1324 bellum
693 1283 810 1324 caelo
843 1282 1021 1338 peperit,
1054 1296 1133 1323 nec
1164 1286 1299 1323 matre
1333 1283 1517 1323 minores

339 1355 591 1406 exstiterunt
622 1358 780 1409 partus.
846 1355 919 1395 sed
951 1354 1130 1394 fulmine
1160 1368 1306 1394 rursus
1339 1354 1382 1394 in
1416 1355 1546 1394 altum

340 1425 557 1480 compulsi,
591 1429 841 1479 montesque
875 1439 1002 1480 super
1032 1424 1197 1465 rediere
1230 1425 1443 1476 cadentes,

339 1497 465 1537 cessit
496 1500 537 1537 et
566 1496 609 1537 in
643 1497 853 1537 tumulum
886 1496 986 1537 belli
1018 1496 1217 1550 uitaeque
1250 1495 1488 1551 Typhoeus.

267 1582 319 1609 seo
338 1568 431 1622 ipsa
461 1567 605 1608 tremit
636 1572 772 1608 mater
803 1568 1023 1622 flagrantis
1054 1571 1197 1608 monte
1230 1568 1307 1607 sub
1341 1567 1491 1608 Aetna.

338 1643 380 1679 at
413 1653 521 1693 quae
553 1639 755 1693 fulgentis
788 1638 978 1693 sequitur
1008 1638 1180 1692 fastigia
1211 1638 1315 1678 caeli

338 1711 543 1764 proxima,
578 1724 661 1751 non
694 1710 774 1764 ipsi
808 1710 941 1761 cedat,
977 1709 1049 1764 qui
1081 1709 1273 1763 fungitur
1306 1712 1439 1760 astro,

338 1795 411 1835 spe
442 1781 593 1821 melior
623 1781 895 1836 palmamque
927 1784 1075 1835 petens
1109 1780 1346 1835 uictrixque
1376 1781 1565 1834 priorum

340 1853 463 1893 altius
491 1853 686 1907 insurgit,
720 1866 912 1893 summae
946 1866 1086 1893 comes
1119 1852 1264 1893 addita
1296 1852 1412 1904 finis;

267 1938 319 1965 885
338 1924 379 1964 in
413 1923 618 1978 peiusque
650 1927 825 1964 manent
857 1938 1017 1974 cursus,
1050 1937 1128 1964 nec
1161 1927 1261 1964 uota
1293 1928 1531 1978 supersunt.

338 1995 537 2049 quocirca
568 1995 742 2035 minime
774 1995 941 2045 mirum,
975 1995 1009 2035 si
1041 1995 1233 2049 proxima
1265 2009 1430 2035 summo

339 2070 465 2120 atque
498 2066 647 2107 eadem
681 2066 856 2107 inferior
888 2066 1134 2107 uenerando
1168 2070 1280 2107 sorte
1313 2066 1490 2119 dicatur,

339 2138 407 2177 cui
438 2137 584 2178 titulus
616 2138 729 2178 felix.
795 2152 968 2179 censum
1001 2139 1059 2178 sic
1093 2138 1287 2192 proxima
1319 2137 1475 2178 Graiae

339 2211 484 2249 nostra
515 2209 627 2250 subit
657 2209 829 2263 linguae
862 2209 1074 2264 uertitque
1108 2223 1131 2249 a
1163 2209 1334 2250 nomine
1367 2223 1534 2250 nomen.

268 2294 320 2319 890
338 2279 530 2335 Iuppiter
561 2280 640 2321 hac
673 2280 849 2321 habitat.
913 2280 1110 2321 fortunae
1144 2280 1269 2321 crede
1301 2280 1477 2334 regenti.

337 2350 436 2391 huic
468 2351 511 2392 in
543 2365 790 2406 peruersum
827 2352 976 2393 similis
1008 2352 1173 2393 deiecta
1205 2352 1282 2393 sub
1316 2353 1417 2392 orbe

338 2422 506 2476 imaque
540 2423 749 2464 submersi
782 2423 1031 2477 contingens
1064 2423 1244 2464 fulmina
1276 2423 1436 2475 mundi,

269 2546 336 2580 863
363 2556 581 2589 poenamque
605 2556 625 2580 o
655 2546 812 2590 ferentia
836 2545 909 2589 lgc
940 2546 1097 2588 fercowia
1122 2557 1157 2580 in
1183 2546 1284 2581 sectis
1301 2556 1326 2590 g
1353 2567 1394 2571 —-
1423 2548 1488 2581 866
1513 2537 1572 2581 etl
1610 2566 1650 2570 -‡
1690 2548 1758 2582 868
1793 2559 1862 2582 rneu

120 2609 364 2653 praestetlgc
388 2621 459 2644 neu
466 2612 622 2654 praestit
633 2621 669 2645 m
684 2629 730 2633 —
745 2612 813 2645 870
830 2616 906 2654 orsa
923 2610 931 2644 l
952 2613 1029 2645 orta
1039 2621 1103 2645 mc
1127 2622 1191 2645 ora
1205 2621 1228 2655 g
1251 2630 1292 2634 —
1314 2612 1381 2646 872
1396 2611 1524 2655 supina
1539 2622 1575 2646 111
1599 2623 1754 2656 superna
1768 2623 1794 2645 ω
1815 2635 1860 2638 —

128 2676 195 2709 874
206 2674 359 2719 fravvodat
368 2675 492 2709 acadat
506 2685 542 2710 m
559 2695 600 2698 —
617 2677 683 2710 877
698 2675 885 2710 eaetz'terint
897 2685 917 2710 o
932 2679 1044 2710 rursz't
1060 2686 1093 2710 m
1116 2699 1161 2701 ἡ
1182 2677 1250 2711 878
1264 2676 1421 2720 conpulsi
1433 2687 1469 2711 m
1491 2696 1533 2700 —
1555 2679 1622 2711 879
1639 2677 1794 2720 tiphoeus
1807 2677 1859 2711 lm

128 2739 297 2783 typhaeus
321 2750 345 2783 g
377 2759 419 2762 -—
453 2741 521 2775 880
549 2727 750 2784 ffaqrantis
775 2740 785 2774 l
822 2741 1013 2785 fmqlaoztis
1040 2751 1076 2775 m
1119 2741 1181 2775 sub
1215 2741 1331 2776 Aetna
1363 2751 1435 2776 om.
1462 2753 1486 2785 g
1519 2761 1561 2764 —
1595 2743 1656 2777 881
1695 2743 1808 2787 Atque
1838 2752 1859 2778 ο

127 2804 363 2849 φ·εί“ῑιίρεηίὶ.31
396 2805 600 2849 refulgentis
618 2815 688 2849 gin
719 2805 906 2849 refulyenti
925 2816 944 2840 c
976 2806 1065 2840 eaelo
1083 2817 1103 2840 o
1137 2825 1179 2829 —-
1213 2807 1281 2841 882
1307 2818 1381 2842 non
1398 2817 1435 2841 m
1466 2818 1529 2842 nee
1548 2817 1575 2839 ω
1602 2826 1644 2830 —-
1669 2807 1812 2851 piorum
1836 2817 1860 2852 g

125 2870 286 2912 priorum
304 2880 331 2902 ω
350 2890 392 2893 —
412 2871 480 2905 884
495 2870 580 2912 finis
595 2880 615 2905 o
636 2890 680 2893 ——
701 2872 768 2905 887
793 2871 944 2905 interior
958 2880 979 2906 o
997 2871 1202 2906 ueneranda
1217 2880 1237 2906 ο
1258 2891 1299 2895 -
1320 2873 1387 2907 888
1412 2872 1502 2916 quod
1516 2882 1536 2907 o
1559 2872 1590 2906 si
1605 2881 1625 2906 o
1646 2872 1749 2917 yraia
1763 2882 1797 2906 m
1818 2895 1859 2898 —

130 2935 194 2967 889
222 2934 420 2978 m'rwtique
439 2948 458 2965 o
489 2955 528 2958 —
557 2937 624 2969 390
650 2936 748 2971 hoco
774 2936 909 2970 credere
931 2936 1027 2980 qemi
1045 2948 1065 2970 o
1095 2956 1135 2959 —
1164 2938 1231 2971 892
1258 2938 1454 2982 continyent
1477 2937 1637 2982 salvicina
1656 2950 1687 2972 o.
