2106 3334
768 139 876 176 Liber
905 139 948 175 ll.
1000 142 1147 175 23-53.
1762 142 1814 181 33

310 283 599 337 siluarumque
632 283 731 324 deos
764 287 1012 337 sacrataque
1046 283 1218 323 numina
1252 283 1446 337 lymphis,

309 355 424 409 pacis
458 368 562 407 opus
594 368 770 408 magnos
803 358 980 395 naturae
1013 355 1154 394 condit
1186 354 1225 393 in
1261 368 1372 393 usus.

257 440 290 465 25
310 429 520 465 astrorum
554 425 724 478 quidam
758 426 898 466 uarias
931 426 1074 465 dixere
1106 425 1265 479 figuras

310 496 515 550 signaque
548 496 700 536 diffuso
733 497 891 550 passim
923 496 1109 537 labentia
1142 496 1257 536 caelo

310 566 352 606 in
385 566 601 621 proprium
636 567 838 621 cuiusque
871 581 1005 621 genus
1038 581 1279 625 causasque*
1305 567 1456 607 tulere:

312 635 470 678 Persea
502 642 542 678 et
574 637 876 678 Andromeden
909 652 1046 692 poena
1077 642 1341 691 matremque-
1375 638 1584 678 dolentem

312 707 632 762 soluentemque
665 706 827 762 patrem
862 713 1110 762 raptamque
1143 708 1340 762 Lycaone
1374 712 1515 748 natam

259 793 293 819 30
313 778 537 832 officioque
570 779 684 819 Iouis
718 779 993 833 Cynosuram,
1028 779 1136 819 lacte
1168 778 1374 832 capellam

312 853 353 889 et
384 848 494 889 furto
528 863 719 903 cycnum,
753 850 908 902 pietate
941 849 994 889 ad
1027 849 1167 889 sidera
1198 849 1368 889 duct-ani

311 919 524 972 Erigonen
558 920 727 973 ictuque
760 934 913 973 nepam
948 919 1166 974 spolioque
1199 920 1365 960 leonem

313 995 355 1029 et
384 1003 527 1030 morsu
561 1004 774 1041 cancrum,
808 992 944 1044 pisces
978 989 1231 1045 Cythereide
1264 1004 1401 1041 uersa,

313 1060 549 1114 lanigerum
584 1061 694 1101 uicto
729 1061 952 1101 ducentem
986 1061 1124 1101 sidera
1154 1066 1282 1115 ponto

261 1146 295 1171 :35
315 1136 539 1185 ceteraque
572 1145 623 1172 ex
656 1132 785 1172 uariis
817 1132 1046 1186 pendentia
1079 1133 1245 1174 casibus
1278 1137 1392 1173 astra

315 1202 487 1242 aethera
519 1216 595 1257 per
627 1217 836 1244 summum
874 1204 1099 1244 uoluerunt
1127 1204 1210 1244 fixa
1242 1204 1418 1244 reuolui.

315 1287 495 1327 quorum
528 1273 785 1315 carminibus
818 1274 922 1314 nihil
956 1279 1018 1315 est
1050 1274 1128 1315 nisi
1162 1274 1308 1315 fabula
1341 1274 1519 1325 caelum,

317 1348 482 1384 terrane
516 1345 754 1399 composuit
786 1345 962 1392 caelum5
999 1359 1106 1399 quae
1138 1345 1295 1399 pendet
1328 1345 1380 1385 ab
1412 1345 1495 1385 illo.

317 1415 417 1469 quin
450 1416 577 1455 etiam
609 1430 810 1470 pecorum
843 1417 947 1456 ritus
980 1421 1021 1456 et
1052 1416 1172 1456 Pana
1205 1421 1425 1457 sonantem

264 1501 298 1526 ιο
317 1486 359 1526 in
393 1486 577 1527 calamos
611 1486 755 1527 Sicula
787 1490 994 1527 memorat
1026 1487 1174 1527 tellure
1208 1496 1392 1537 creatus3

318 1570 395 1597 nec
427 1557 545 1598 siluis
578 1558 771 1598 siluestre
804 1558 917 1598 canit
948 1572 1106 1612 perque
1138 1558 1310 1599 horrida
1342 1562 1480 1598 motus

318 1642 417 1668 rura
449 1629 551 1668 serit
582 1629 715 1670 dulcis
750 1643 999 1683 musamque
1031 1629 1193 1670 inducit
1224 1627 1267 1669 in
1300 1643 1417 1670 arua.

320 1713 416 1740 ecce
450 1698 556 1740 alius
588 1701 722 1754 pictas
756 1700 951 1741 uolucres
985 1714 1032 1740 ac
1065 1701 1175 1740 bella
1208 1701 1407 1749 ferarum,

318 1770 388 1811 ille
422 1775 652 1812 uenenatos
685 1772 850 1825 anguis,
883 1772 950 1811 hic
982 1775 1104 1825 prata
1136 1786 1212 1826 per
1243 1772 1396 1812 herbas

266 1856 300 1880 45
320 1842 408 1882 fata
438 1841 570 1882 refert
601 1843 819 1896 uitamque
852 1857 927 1883 sua
959 1842 1101 1883 radice
1135 1842 1321 1883 ferentis.

321 1913 421 1967 quin
455 1913 581 1953 etiam
615 1914 799 1954 tenebris
831 1914 1063 1954 inmersum
1098 1918 1286 1955 tartaron
1321 1918 1409 1954 atra

321 1984 363 2025 in
396 1985 534 2025 lucem
567 1984 617 2024 de
652 1989 772 2026 nocte
806 1989 961 2026 uocant
993 1985 1223 2039 orbemque
1256 1985 1483 2026 reuoluunt

321 2056 497 2096 interius
529 2069 701 2097 uersum
734 2059 911 2097 naturae
943 2056 1114 2097 foedere
1146 2060 1282 2111 rupto.

324 2141 447 2168 omne
480 2142 613 2182 genus
646 2142 787 2168 rerum
821 2128 970 2169 doctae
1003 2129 1195 2169 cecinere
1229 2143 1414 2179 sorores3

271 2213 304 2238 50
324 2200 460 2240 omnis
493 2200 546 2240 ad
578 2214 773 2241 accessus
807 2198 1024 2240 Heliconis
1057 2200 1207 2240 semita
1240 2199 1337 2240 trita
1370 2204 1445 2252 est,

323 2274 364 2310 et
395 2270 480 2311 iani
513 2271 679 2312 confusi
711 2275 887 2311 manant
917 2271 969 2312 de
1002 2271 1190 2312 fontibus
1223 2285 1369 2312 amnes

325 2355 402 2382 nec
436 2343 608 2396 capiunt
637 2343 836 2383 haustum
868 2342 1122 2396 turbamque
1154 2342 1206 2383 ad
1240 2346 1341 2383 nota
1371 2346 1577 2383 ruentem.

325 2412 490 2467 integra
523 2427 776 2467 quaeramus
809 2414 990 2455 rorantis
1021 2418 1144 2468 prata
1175 2428 1251 2467 per
1281 2414 1434 2455 herbas

256 2548 300 2582 23
320 2548 469 2583 rumina
488 2559 523 2583 ni
546 2548 701 2593 mamphis
720 2558 739 2583 o
765 2567 806 2570 ——
827 2549 870 2583 28
884 2560 952 2591 per
953 2548 984 2582 si
1001 2548 1046 2592 13
1055 2558 1074 2583 c
1092 2548 1197 2591 parsi
1213 2558 1251 2582 m
1276 2548 1490 2583 andromede
1507 2557 1528 2583 o
1548 2567 1589 2571 —
1605 2558 1738 2592 poenas
1756 2557 1777 2583 o
1797 2567 1839 2571 —-

117 2614 159 2647 29
177 2612 308 2648 lzcaone
322 2623 343 2648 o
364 2632 405 2636 —
425 2614 470 2648 30
481 2614 678 2649 cinosmum
697 2626 716 2644 o
737 2635 779 2638 β
798 2614 838 2647 31
855 2613 994 2657 ciymmz
1008 2613 1048 2657 lg
1062 2633 1104 2636 —
1120 2614 1163 2648 32
1178 2613 1355 2657 eriyonem
1369 2623 1390 2648 o
1409 2634 1452 2638 —
1467 2614 1512 2648 35
1529 2612 1728 2657 eeteraleque
1740 2623 1778 2648 m
1796 2632 1840 2637 —

117 2678 161 2712 38
178 2689 324 2722 ermque
342 2677 382 2713 lc.
402 2681 454 2712 ter
455 2689 602 2723 mque„
581 2689 647 2713 orm
668 2662 714 2722 qia
733 2677 742 2712 ]
763 2689 887 2721 ([ῖιαε3
868 2688 890 2703 0·
899 2688 918 2712 c
935 2678 1134 2722 caelumque
1151 2677 1318 2721 dependet
1336 2688 1371 2713 m
1392 2698 1433 2702 —
1453 2679 1496 2713 39
1515 2678 1608 2713 ritus
1617 2688 1782 2722 pecorum
1799 2677 1842 2713 lc

112 2752 277 2786 pecorum
314 2742 408 2777 ‘ritus
431 2754 455 2786 3·
465 2752 500 2777 n]
540 2762 581 2765 —
620 2745 666 2777 40
702 2743 827 2778 creatis
854 2743 862 2777 1
901 2744 1027 2777 cientis
1050 2753 1075 2786 3
1111 2747 1249 2777 creatus
1275 2752 1340 2778 cm
1374 2762 1415 2766 —
1448 2745 1489 2778 41
1519 2755 1586 2787 per
1615 2743 1704 2787 quod
1727 2752 1765 2777 m
1799 2762 1841 2766 —

119 2807 162 2841 42
189 2806 297 2842 dulcis
314 2817 335 2842 o
360 2808 401 2842 in
426 2819 537 2842 auras
555 2818 575 2841 o
603 2828 645 2831 ——
673 2809 717 2843 43
742 2808 824 2842 ecel
850 2807 1006 2842 zcolucres
1027 2817 1047 2842 o
1073 2807 1135 2842 hac
1159 2807 1244 2842 bella
1263 2818 1299 2842 m
1328 2827 1370 2831 —
1397 2811 1441 2843 44
1467 2812 1640 2843 uenenato
1663 2802 1806 2852 sanquis
1829 2808 1842 2842 l

118 2874 291 2907 uenenato
307 2872 452 2917 sanquis
466 2883 501 2907 m
520 2877 711 2908 zvenenatos
726 2872 852 2917 anquis
866 2882 912 2915 gc
929 2875 1015 2907 nata
1026 2884 1093 2916 per
1108 2882 1128 2907 o
1145 2892 1187 2895 —
1202 2874 1246 2907 45
1264 2884 1365 2907 suam
1382 2872 1434 2907 lm
1451 2877 1520 2908 suc‘z
1537 2882 1583 2916 gc
1597 2872 1749 2915 ferentis
1763 2882 1784 2908 ο
1799 2891 1842 2896 ——

121 2938 165 2971 46
190 2938 392 2972 inmensum
412 2947 432 2971 o
461 2939 601 2972 tartara
620 2948 640 2972 o
667 2940 758 2972 nam
776 2936 819 2971 lc
844 2941 949 2971 metra
970 2947 994 2979 3
1018 2942 1120 2972 wacta
1140 2950 1171 2971 ιιι
1199 2956 1241 2960 -
1267 2940 1311 2972 50
1337 2938 1503 2972 heht-ones
1520 2947 1540 2971 o
1567 2956 1609 2960 —
1636 2939 1679 2972 52
1706 2941 1786 2972 uota
1806 2947 1843 2972 m

0 3000 3 3160 ἱ
120 3003 245 3035 natac
272 3021 314 3025 —
341 3004 385 3037 53
410 3003 568 3037 rorantis
588 3003 631 3046 13·
656 3006 812 3037 rorantes
832 3012 848 3035 c
874 3003 1023 3036 rotantis·
1043 3013 1075 3036 ιιι
1106 3002 1173 3045 (L).

1 3166 7 3334 1

194 3084 332 3110 Manilius.
366 3086 382 3109 1.
1704 3074 1725 3108 3
