2106 3334
1783 124 1822 165 V

102 267 301 310 Ceterum
334 269 570 308 atramento
602 280 704 307 usus
737 269 800 307 est
833 265 1057 317 subrubro,
1093 264 1246 306 litteris
1284 265 1457 305 minutis
1493 267 1822 308 rotundioribus.

101 340 216 381 Raro
249 340 373 379 tertia
404 337 613 392 quaedam
644 351 796 378 manus
836 350 946 377 saec.
969 334 1053 376 XV
1091 335 1285 387 occurrit,
1326 349 1434 389 quae
1472 335 1631 377 scholia
1668 337 1824 378 nullius

100 411 227 464 pretii
260 409 443 462 margini
473 408 710 462 adscripsit.

241 480 290 521 In
312 479 526 534 superiore
555 478 746 531 margine
768 478 864 518 libri
886 477 1144 518 Matritensis
1168 491 1191 517 a
1213 491 1342 517 manu
1366 491 1474 517 saec.
1499 477 1627 518 XVII
1656 477 1825 531 (L'owe)

100 551 271 604 legitur:
307 548 481 590 ‘Manilii
510 549 834 589 Astronomicon
865 571 918 576 -
949 547 1071 588 Statii
1098 547 1324 601 Papiniani
1357 547 1502 601 syluae
1536 571 1587 575 —
1618 549 1827 594 Asconius

101 621 315 671 Pedianus
356 621 396 660 in
437 619 684 661 Ciceronem
726 642 778 646 —-
820 618 980 663 Valerii
1021 618 1161 670 Flacci
1200 617 1431 658 nonnulla?
1494 619 1653 660 Vltima
1696 620 1827 660 uerba

100 691 266 732 lineolis
300 694 511 744 expuncta
550 694 771 741 testantur,
814 689 1043 729 Asoonium
1084 702 1251 742 quoque
1289 693 1331 728 et
1371 687 1587 730 Valerium
1626 690 1827 731 Flaccum

100 762 180 802 hoc
222 761 438 801 uolumine
483 760 808 813 comprehensos
848 760 992 811 fuisse,
1044 759 1114 812 qui
1161 772 1274 799 nunc
1314 758 1468 799 Matrit.
1531 760 1626 800 Nat.
1666 760 1718 800 X.
1758 762 1826 801 81.

101 832 378 872 continentur.
433 830 595 884 Nempe
639 831 714 871 hos
758 834 957 884 quattuor
1004 828 1192 883 (praeter
1237 829 1360 881 alios)
1408 829 1595 884 Poggius
1642 846 1676 871 a.
1718 833 1825 872 1417

101 902 374 944 Constantiae
418 901 592 951 inuenit,
640 901 751 955 quod
793 901 883 955 ipse
924 901 967 941 in
1010 900 1094 940 fine
1132 899 1287 940 Matrit.
1328 900 1380 940 X.
1422 902 1468 941 81
1518 901 1588 941 fol.
1625 904 1714 942 941*
1752 916 1827 942 sua

100 987 229 1013 manu
288 986 364 1013 nos
416 972 578 1012 docuit:
636 970 709 1010 hee
760 984 853 1011 sors
906 969 979 1010 hec
1032 977 1187 1022 ammei-t
1238 970 1415 1009 tandem
1468 984 1623 1011 ivianus
1683 971 1829 1024 arquit

99 1041 232 1084 ausis.
269 1043 273 1095 Ι
303 1042 348 1083 0.
374 1040 516 1082 ualerc'
536 1040 660 1092 flacci
684 1040 1010 1094 (myonanticon.
1068 1040 1163 1080 Hoc
1185 1039 1437 1093 frctgyinentst
1462 1044 1636 1094 reperta
1659 1048 1720 1084 est
1749 1044 1752 1095 Ι
1784 1042 1828 1083 in

99 1111 359 1154 'monasterio
396 1111 537 1153 sancti
573 1111 681 1165 9οῖίὶ
715 1126 852 1164 prope
895 1111 1153 1154 constantia.
1222 1111 1312 1152 XX
1352 1111 1485 1153 ‘milio
1525 1121 1697 1166 passm-c
1740 1128 1829 1155 una

99 1192 152 1227 cst
180 1185 332 1238 lparte
357 1183 392 1234 (2
422 1182 585 1224 asconii
607 1182 804 1235 pediam.
854 1183 960 1223 (leus
992 1182 1195 1223 concedat
1226 1182 1353 1223 alteri
1385 1186 1432 1223 nt
1465 1186 1651 1235 utraque
1685 1198 1791 1237 opus
1824 1190 1825 1240 1

98 1253 289 1307 reperiat
321 1253 533 1306 perfecta.
597 1255 684 1296 Nos
723 1254 835 1305 quod
868 1252 1096 1306 potuimus
1129 1252 1307 1306 egimus.
1349 1279 1400 1283 —
1442 1254 1635 1308 Poyyius
1673 1255 1829 1306 floren-

99 1325 229 1366 tinus.
273 1351 325 1355 ——
368 1326 707 1380 Descriptionem
755 1330 947 1366 exactam
997 1326 1047 1366 G.
1090 1325 1242 1367 Loewe
1290 1326 1390 1367 fecit
1436 1328 1696 1382 inseruitque
1745 1328 1829 1369 col-

98 1398 246 1439 lationi
283 1412 384 1438 suae
423 1396 535 1449 (cod.
567 1397 718 1437 Philol.
760 1397 837 1437 139
882 1397 1073 1437 biblioth.
1115 1396 1339 1450 Gotting.)
1398 1397 1520 1438 Nunc
1557 1398 1633 1439 Ms.
1674 1398 1828 1439 Matrit.

100 1469 154 1509 M.
187 1470 238 1509 31
281 1469 410 1509 habet
447 1467 681 1517 folia1143
733 1482 913 1521 quorum
959 1467 1061 1507 folia
1102 1465 1295 1507 1Γ-5ι1Υ
1342 1467 1560 1508 Manilium
1599 1470 1828 1519 continent,

100 1539 202 1580 folia
231 1539 426 1579 55—63r
468 1553 604 1579 uacua
647 1541 762 1588 sunt3
808 1539 835 1578 f.
867 1536 949 1578 63ν
989 1552 1118 1578 manu
1155 1552 1263 1579 saec.
1295 1538 1376 1578 XV
1414 1539 1585 1592 legitur:
1630 1538 1830 1579 ‘eontinet

98 1608 208 1661 'folia
247 1607 318 1650 L':
368 1623 519 1663 nempe
564 1609 666 1649 folia
705 1609 906 1649 64—114
957 1609 1137 1649 Statium
1186 1608 1397 1649 exhibent.
1463 1610 1546 1650 Sed
1594 1611 1742 1652 folium
1782 1613 1831 1651 lr

99 1681 247 1735 incipit
296 1695 320 1720 a
370 1694 496 1720 uersu
545 1679 707 1720 Manilii
751 1680 820 1720 lib.
862 1679 882 1719 Ι
921 1680 995 1721 83;
1057 1677 1109 1718 ‘et
1160 1678 1456 1730 qzooclc‘zmnqzcc
1510 1694 1651 1733 sagma:
1699 1684 1830 1734 leutp-

100 1750 230 1791 tando
286 1748 478 1802 repperit
530 1749 648 1791 ¹zcvszts'
697 1774 749 1778 —
799 1751 1032 1791 abscissum
1082 1750 1192 1791 euim
1243 1765 1373 1791 unum
1423 1756 1486 1792 est
1539 1752 1686 1793 folium
1735 1769 1830 1794 cum

98 1822 219 1864 titulo
253 1827 295 1863 et
326 1821 519 1863 uersibus
560 1823 712 1863 1—82.
749 1845 801 1849 ——
836 1822 962 1863 Hunc
1006 1821 1161 1862 librum
1200 1836 1284 1862 non
1317 1835 1409 1862 esse
1447 1823 1661 1864 diuersum
1696 1825 1748 1865 ab
1783 1839 1831 1865 eo

99 1894 257 1943 codice,
291 1907 416 1947 quem
446 1893 633 1947 Poggius
668 1892 942 1934 Constantiae
971 1893 1147 1944 inuenit,
1182 1892 1233 1933 G.
1264 1892 1417 1934 Loewe
1451 1894 1529 1935 sibi
1564 1900 1833 1948 persuaserat

100 1964 226 2019 idque
259 1964 302 2004 in
326 1964 548 2005 collatione
572 1962 842 2018 Gottingensi
866 1964 1060 2018 pluribus
1082 1964 1185 2005 locis
1208 1968 1387 2005 testatur
1419 1964 1492 2016 (ad
1516 1980 1564 2006 vs
1588 1965 1660 2005 IV.
1683 1968 1765 2007 569
1790 1968 1831 2008 in

100 2034 312 2089 margine:
348 2033 449 2075 ‘NR
474 2036 501 2090 ll
530 2035 586 2090 V2
610 2049 650 2076 u.
683 2032 847 2087 Poyyz'o
868 2032 1071 2074 sehez'nen
1095 2033 1206 2074 asach
1228 2032 1322 2074 eine
1344 2033 1536 2075 Familia
1558 2048 1615 2075 ,3η
1638 2035 1830 2090 bz'lclfflz').

101 2105 182 2151 Qui
207 2119 302 2145 cum
326 2110 411 2146 tres
440 2120 590 2146 manus
614 2106 924 2147 emendatrices
952 2106 1110 2146 saeculi
1134 2105 1214 2145 XV
1243 2106 1286 2146 in
1314 2106 1420 2147 libro
1450 2107 1586 2161 primo
1617 2122 1749 2162 usque
1779 2109 1831 2149 ad

102 2191 149 2217 vs
178 2177 256 2217 801
295 2181 510 2230 grassatas
543 2191 635 2218 esse
668 2177 839 2229 referat,
882 2191 1062 2231 quarum
1095 2177 1378 2218 correctiones
1411 2178 1606 2232 apposita
1639 2184 1738 2220 nota
1770 2180 1830 2235 M2

101 2246 276 2299 (manus
315 2246 520 2299 secunda)
559 2247 729 2298 indicat,
770 2247 923 2288 librum
962 2248 1101 2301 ipsum
1140 2251 1238 2288 ante
1277 2248 1493 2289 saeculum
1516 2249 1596 2289 XV
1629 2251 1831 2304 scriptum

104 2332 212 2368 esse,
251 2317 293 2358 ni
331 2318 469 2370 fallor,
513 2318 742 2359 arbitratus
781 2317 909 2370 estss)
969 2317 1239 2359 Dissentiunt
1276 2318 1329 2359 ab
1369 2333 1417 2359 eo
1459 2319 1574 2365 Ellis,
1619 2319 1830 2372 Clarkius,

102 2387 339 2428 Housman.
405 2388 458 2429 Et
488 2386 604 2429 Ellis
637 2389 808 2443 quidem
841 2387 1147 2441 (Hermathen.
1172 2389 1287 2430 XIX.
1320 2391 1403 2431 263
1432 2390 1576 2443 1893),
1611 2392 1710 2446 quia
1742 2392 1831 2433 fere

102 2459 258 2513 ubique
292 2461 505 2514 conspiret
542 2475 639 2501 cum
672 2460 880 2502 Vossiano
910 2462 964 2512 2„
997 2460 1288 2501 Matritensem
1327 2461 1516 2502 codicem
1554 2463 1831 2516 apographon

102 2528 216 2582 (uter
255 2530 307 2571 ab
356 2535 449 2571 utro
495 2531 727 2585 descriptus
777 2531 842 2582 sit,
893 2546 976 2572 non
1016 2530 1136 2583 dicit)
1183 2546 1274 2573 esse
1314 2536 1468 2573 censet.
1535 2533 1618 2574 Sed
1663 2531 1832 2573 Clarkiz'

102 2600 307 2641 iudicium
341 2602 518 2655 epistola
541 2601 762 2656 Poggiana
794 2602 846 2643 ab
881 2603 970 2656 ipso
994 2602 1160 2643 detecta
1180 2602 1341 2653 nititur,
1375 2617 1483 2657 quae
1517 2608 1696 2644 exeunte
1721 2619 1831 2645 anno

108 2672 216 2711 1417
252 2671 319 2712 uel
352 2671 525 2712 ineunte
562 2673 671 2714 1418
706 2672 757 2713 ad
796 2669 1089 2712 Franciscum
1127 2670 1382 2712 Barbarum
1413 2673 1596 2715 Romam
1620 2674 1680 2727 (P)
1720 2674 1831 2716 Con-

105 2742 259 2782 stantia
280 2742 409 2783 missa
432 2741 582 2795 estssss),
608 2743 726 2784 cuius
748 2747 912 2797 partem
943 2757 1128 2797 appono:
1161 2740 1353 2795 Poqyius
1374 2740 1427 2783 P.
1447 2742 1489 2785 S.
1510 2742 1567 2784 D.
1591 2743 1830 2786 Francisco

244 2857 275 2899 ³⁶)
303 2857 356 2893 Cf.
383 2857 656 2894 Wochenschr.
683 2858 707 2894 f.
734 2858 850 2894 klass.
877 2858 1015 2894 Philol.
1054 2859 1177 2895 Berol.
1198 2861 1302 2895 1893.
1330 2862 1385 2896 35.

221 2916 271 2960 *ἢ
298 2918 341 2952 A.
371 2918 406 2953 C.
442 2917 567 2960 Clark,
604 2918 670 2953 the
707 2918 884 2963 litterary
922 2918 1157 2954 discoueries
1195 2918 1238 2954 of
1268 2918 1412 2964 Poggio
1450 2939 1491 2944 -
1531 2919 1611 2955 The
1648 2917 1830 2957 Classical

105 2974 256 3011 Review
284 2975 363 3011 Vol.
383 2976 483 3012 XIII.
526 2976 682 3013 London
704 2978 792 3012 1899
820 2988 853 3012 n.
876 2979 1071 3013 119—120.
