2106 3334
805 685 994 734 LIBER
1032 684 1392 735 SECUNDUS.

452 852 686 917 Maximus
718 875 873 916 Iliacae
905 875 1043 928 gentis
1076 875 1310 916 certamina
1342 878 1461 916 uates

453 950 494 988 et
527 945 835 1001 quinquaginta
866 961 1015 1002 regum
1048 961 1278 1002 regemque
1309 950 1559 1001 patremque

453 1022 592 1059 castra
624 1018 780 1059 ducum
813 1022 854 1058 et
885 1019 990 1059 caeli
1023 1019 1265 1073 uictamque
1298 1018 1375 1059 sub
1408 1017 1593 1058 Hectore
1626 1016 1798 1057 Troiam

452 1103 724 1143 erroremque
757 1089 876 1131 ducis
907 1090 1083 1131 totidem
1117 1093 1219 1144 quot
1250 1090 1412 1130 uicerat
1444 1089 1564 1130 annis

416 1177 432 1202 5
452 1161 679 1202 instantem
711 1161 821 1202 bello
854 1160 1070 1215 geminata
1101 1175 1176 1216 per
1208 1161 1380 1215 agmina
1411 1164 1540 1214 ponto

451 1232 683 1287 ultimaque
715 1232 757 1272 in
791 1232 928 1286 patria
960 1232 1178 1287 captisque
1210 1232 1435 1287 penatibus
1468 1245 1586 1272 arma

452 1318 523 1344 ore
556 1318 675 1345 sacro
709 1303 880 1354 cecinit3
913 1304 1076 1358 patriae
1109 1303 1175 1344 cui
1208 1304 1301 1344 iura
1331 1303 1491 1358 petenti

451 1374 552 1415 dum
585 1374 714 1416 dabat
745 1374 913 1429 eripuit,
947 1374 1150 1428 cuiusque
1184 1388 1235 1415 ex
1267 1388 1338 1415 ore
1370 1373 1567 1429 profusos

451 1446 586 1487 omnis
618 1445 843 1500 posteritas
875 1445 1021 1486 latices
1054 1446 1095 1485 in
1130 1445 1319 1486 carmina
1350 1445 1470 1485 duxit

398 1533 430 1559 10
451 1531 705 1572 anmemque
737 1517 780 1558 in
814 1516 951 1558 tenuis
984 1531 1089 1558 ausa
1121 1520 1184 1557 est
1214 1516 1415 1557 diducere
1447 1516 1560 1556 riuos

448 1589 573 1629 unius
606 1587 787 1630 fecunda
820 1588 954 1629 bonis.
1020 1588 1094 1629 sed
1126 1588 1344 1643 proximus
1376 1587 1436 1628 illi

450 1659 663 1700 Hesiodus
695 1663 904 1700 memorat
936 1659 1056 1700 diuos
1089 1659 1322 1713 diuumque
1354 1662 1552 1713 parentes

450 1735 491 1771 et
523 1730 650 1771 chaos
683 1731 853 1771 enixum
888 1734 1021 1771 terras
1054 1730 1285 1784 orbemque
1319 1729 1395 1771 sub
1428 1730 1499 1770 illo

449 1802 655 1843 infantem
689 1806 728 1843 et
760 1802 920 1857 primos
953 1802 1180 1843 titubantia
1212 1801 1349 1842 sidera
1382 1815 1530 1841 cursus

397 1889 429 1914 15
448 1874 688 1928 titanasque
721 1888 842 1914 senes
875 1873 989 1914 Iouis
1023 1877 1064 1914 et
1095 1873 1305 1914 cunabula
1340 1873 1482 1927 magui

450 1949 490 1985 et
522 1945 599 1986 sub
632 1944 763 1985 fratre
795 1944 875 1986 uiri
908 1959 1064 1986 nomen
1097 1945 1186 1985 sine
1220 1948 1353 1985 matre
1385 1944 1573 1998 parentis

448 2020 575 2070 atque
606 2016 760 2056 iterum
792 2016 929 2070 patrio
962 2020 1207 2056 nascentem
1241 2029 1416 2070 corpore
1449 2014 1678 2056 Bacchum.

450 2085 677 2138 mundaque
710 2085 905 2126 inmenso
941 2084 1174 2127 mutantia
1209 2084 1376 2127 Iumina
1408 2085 1586 2126 oriundo.

447 2159 550 2213 quin
583 2159 710 2199 etiam
743 2159 853 2199 ruris
886 2159 1022 2199 cultus
1054 2159 1255 2213 legesque
1289 2158 1453 2199 notauit

393 2246 427 2271 20
447 2230 726 2285 militiamque
760 2230 856 2281 soli3
891 2230 1003 2285 quod
1037 2230 1164 2271 colles
1198 2229 1392 2270 Bacchus
1425 2233 1599 2279 amaret,

449 2301 560 2355 quod
594 2301 777 2342 fecunda
810 2301 939 2342 Ceres
972 2316 1157 2356 campos,
1192 2301 1304 2355 quod
1337 2301 1478 2341 Pallas
1512 2304 1754 2355 utrumque,

448 2376 574 2427 atque
607 2373 780 2414 arbusta
814 2374 934 2427 uagis
968 2378 1108 2415 essent
1140 2373 1252 2428 quod
1286 2373 1479 2414 adultera
1511 2373 1661 2427 pomis,

381 2506 390 2536 1
422 2503 565 2537 amamus
582 2502 640 2537 lm
668 2522 709 2526 —
737 2503 758 2537 3
784 2502 1040 2547 hectoreamque
1063 2503 1193 2547 facito
1221 2504 1400 2547 tutamque
1418 2511 1439 2536 0
1472 2506 1609 2546 troyam
1629 2511 1665 2535 m
1699 2522 1742 2526 —-
1769 2501 1789 2533 4
1815 2500 1906 2544 quod
1923 2499 1965 2535 lc

236 2570 318 2612 quot
341 2578 364 2612 g
389 2558 478 2612 quotl
495 2578 531 2602 m
565 2587 606 2590 —
641 2569 660 2603 5
687 2568 833 2612 aymina
850 2567 940 2611 lgm
972 2579 1125 2612 aequora
1145 2578 1163 2602 c
1191 2567 1244 2610 (F.
1260 2566 1306 2602 M.
1334 2578 1366 2602 v.
1383 2567 1418 2609 2)
1455 2586 1491 2590 -ω
1529 2566 1548 2598 G
1574 2566 1685 2610 captis
1702 2576 1726 2610 g
1759 2564 1966 2610 captisquel

236 2633 426 2677 capitisque
441 2643 477 2667 m
495 2652 535 2655 —
552 2634 570 2666 7
588 2632 709 2677 patria
723 2644 743 2667 o
762 2644 849 2676 quae
864 2643 885 2668 o
901 2635 1072 2678 petentem
1090 2644 1110 2667 o
1131 2652 1169 2656 —
1188 2634 1275 2677 post
1294 2635 1311 2667 7
1330 2632 1503 2676 sequitur
1520 2631 1639 2666 omnia
1653 2630 1872 2675 pei-uolitans
1890 2630 1964 2673 (82)

237 2698 274 2732 in
293 2709 326 2732 m
342 2700 379 2732 ct
394 2708 418 2732 u
435 2717 476 2721 ——
492 2700 513 2732 8
530 2697 628 2732 dabit
641 2708 676 2732 m
697 2698 858 2742 &nmisque
871 2709 907 2733 m
924 2698 982 2741 (E)
996 2699 1167 2743 profusus
1180 2708 1216 2732 m
1238 2698 1404 2742 profusas
1417 2708 1441 2741 g
1459 2697 1575 2732 latites
1590 2706 1624 2731 m
1645 2695 1703 2739 (E)
1725 2696 1843 2731 latices
1856 2705 1893 2730 m
1908 2694 1965 2737 (L)

238 2763 351 2797 lances
369 2775 395 2795 ω
422 2762 516 2797 dixit
532 2772 556 2806 g
581 2782 621 2785 —
654 2762 695 2797 10
723 2764 839 2797 tenues
857 2774 877 2797 o
904 2763 1069 2798 deducere
1087 2774 1107 2797 o
1134 2783 1174 2786 —
1204 2764 1241 2797 11
1270 2763 1367 2798 bouis
1385 2772 1409 2806 g
1429 2781 1470 2785 -—
1494 2762 1533 2796 12
1559 2758 1720 2806 parentis
1736 2760 1750 2795 l
1766 2760 1925 2805 parentis
1943 2770 1967 2804 g

234 2828 385 2871 potentis
408 2838 445 2862 m
479 2847 521 2851 -—
558 2829 598 2862 13
629 2827 731 2863 cahos
754 2838 791 2862 ln
825 2848 866 2851 —
904 2830 944 2862 14
977 2840 1101 2872 corpus
1127 2838 1148 2863 o
1184 2851 1226 2853 -—
1264 2830 1303 2863 15
1337 2822 1471 2863 siinesl
1504 2826 1636 2861 *iuuisse
1668 2826 1844 2862 cunabula
1877 2825 1966 2860 lmc

235 2893 325 2927 iouis
354 2895 388 2927 et
418 2903 442 2937 g
474 2913 515 2917 ——
554 2894 593 2927 16
616 2893 736 2936 finire
759 2903 780 2927 O
809 2912 850 2915 -«
882 2895 920 2928 17
947 2893 1091 2928 bachum
1118 2904 1138 2928 o
1166 2915 1208 2918 w
1240 2895 1281 2928 18
1306 2893 1462 2927 inmenso
1486 2891 1499 2926 1
1525 2885 1671 2926 immina
1689 2902 1726 2926 m
1749 2891 1902 2926 numina
1920 2890 1966 2934 lg

592 2943 659 2974 quin
980 2940 1002 2959 ’θ
1017 2941 1066 2957 ¹⁰²

238 2964 374 2998 lumina
392 2974 410 2998 c
431 2983 471 2986 Ἀ
496 2965 535 2998 19
554 2975 684 3008 queque
703 2973 727 3006 g
743 2964 981 3009 royaritlmc
1000 2964 1137 2999 notarit
1153 2974 1176 3008 g
1196 2982 1236 2986 ---
1263 2965 1308 2998 *20
1325 2963 1408 3007 quid
1427 2962 1437 2997 l
1458 2965 1594 2998 amaret
1611 2962 1668 2997 ln]
1681 2972 1698 2997 c
1717 2957 1854 2997 amarbt
1872 2972 1896 3006 g
1922 2981 1964 2985 —

237 3030 277 3063 ‘21
305 3028 431 3064 bachus
448 3038 479 3063 Ο.
