2106 3334
256 120 308 161 12
915 119 1028 156 Liber
1053 119 1079 155 Ι.
1129 120 1328 156 344—37‘2.

467 270 634 305 assueto
670 263 852 304 uolitans
882 267 1019 318 gestet
1052 277 1127 303 ceu
1161 262 1342 303 fulmina
1374 262 1531 304 mundo

394 350 445 377 345
466 335 595 388 digna
628 334 732 375 Ioue
765 338 806 374 et
838 334 968 384 caelo,
1003 334 1115 388 quod
1149 333 1281 374 sacris
1313 333 1484 374 instruit
1515 333 1658 375 armis.

464 411 553 446 tum
587 419 755 459 quoque
789 404 840 445 de
873 409 1001 458 ponto
1034 403 1170 458 surgit
1201 403 1427 458 delphinus
1459 404 1513 444 ad
1545 410 1660 445 astra

466 476 614 517 oceani
647 476 838 530 caelique
871 475 999 516 decus
1032 489 1108 529 per
1140 479 1368 529 utrumque
1401 479 1603 516 sacratus.

465 562 591 602 quem
624 547 771 601 rapido
807 551 982 587 conatus
1015 561 1149 601 equus
1183 546 1488 600 comprendere
1522 561 1647 588 cursu

465 618 638 659 festinat
669 621 818 672 pectus
849 618 1032 673 fulgenti
1064 618 1201 658 sidere
1235 618 1385 658 clarus.

392 706 444 731 350
465 695 506 731 et
537 690 682 730 finitur
714 691 753 730 in
789 689 1085 740 Andromeda3
1119 701 1252 740 quani
1282 686 1476 728 Perseus
1509 687 1644 729 sirmis

464 758 596 812 eripit
629 761 669 800 et
699 758 835 801 sociat
865 758 961 808 sibi,
996 758 1067 800 eiii
1100 760 1289 802 succedit
1320 760 1466 815 iniquo

463 833 649 874 diuisum
681 833 816 887 spatio
850 833 1039 874 deltoton
1073 833 1243 873 nomine
1277 832 1393 873 sidus

464 918 515 944 ex
547 903 675 944 simili
707 904 880 954 dictum,
915 904 1027 958 quod
1059 904 1222 958 lampas
1255 904 1380 944 tertia
1413 903 1557 958 dispar

464 976 722 1030 conspicitur
754 975 946 1030 paribus;
982 974 1263 1030 Cepheusque
1297 980 1338 1015 et
1370 974 1601 1030 Cassiopea

392 1063 444 1089 :355
464 1047 506 1088 in
539 1061 699 1102 poenas
732 1047 900 1101 signata
933 1061 1030 1088 suas
1063 1048 1265 1101 iuxtaque
1299 1047 1445 1087 relicta

464 1119 784 1160 Andromedam
817 1124 960 1159 uastos
992 1124 1250 1159 metuentem
1287 1118 1428 1172 pristis
1461 1118 1601 1159 hiatus

464 1190 698 1245 expositam
731 1195 860 1245 ponto
894 1190 1021 1231 deflet
1053 1190 1323 1244 scopulisque
1356 1190 1605 1230 reuinctam.

464 1263 506 1302 in
540 1266 729 1302 ueterem
762 1261 946 1302 Perseus
981 1262 1096 1302 caelo
1131 1275 1299 1315 quoque
1333 1261 1472 1301 feruet
1504 1275 1694 1302 amorem

464 1333 706 1387 auxilioque
740 1333 858 1373 iuuet
890 1332 1181 1387 fugiendaque
1214 1331 1426 1385 Gorgonis
1460 1346 1533 1372 ora

391 1420 443 1446 360
464 1405 670 1445 sustineat
703 1404 971 1458 spoliumque
1004 1402 1084 1443 sibi
1115 1408 1364 1457 pestemque
1398 1403 1571 1443 uidenti.

462 1480 550 1516 tum
586 1476 726 1515 uicina
758 1475 899 1515 ferens
934 1475 1030 1515 nixo
1062 1475 1245 1528 uestigia
1277 1482 1398 1515 tauro

464 1547 697 1588 heniochus
731 1547 868 1588 studio
903 1547 1196 1601 mundumque
1230 1551 1271 1586 et
1302 1561 1458 1587 nomen
1494 1546 1686 1601 adeptus,

464 1633 589 1674 quem
622 1618 808 1674 primum
841 1633 967 1659 curru
1003 1618 1252 1659 uolitantem
1284 1617 1477 1672 Iuppiter
1508 1618 1592 1658 alto

464 1689 729 1745 quadriiugis
763 1690 982 1744 conspexit
1013 1690 1131 1743 equis
1165 1689 1369 1743 caeloque
1403 1689 1600 1730 sacrauit.

392 1777 444 1803 365
465 1763 576 1802 hunc
610 1762 794 1802 subeunt
825 1762 950 1802 haedi
984 1761 1231 1802 claudentes
1266 1761 1403 1801 sidere
1436 1766 1628 1815 pontum,

465 1834 617 1875 nobilis
651 1839 691 1874 et
723 1833 870 1874 mundi
902 1834 1060 1874 nutrito
1094 1846 1193 1887 rege
1228 1833 1404 1887 capella,

465 1905 583 1945 cuius
617 1905 669 1946 ab
704 1905 905 1946 uberibus
939 1918 1143 1958 magnum
1175 1904 1246 1944 ille
1279 1904 1470 1945 ascendit
1503 1904 1731 1959 Olympum

464 1977 572 2017 lacte
605 1976 694 2017 fero
728 1989 923 2017 crescens
957 1976 1009 2016 ad
1042 1974 1222 2015 fulmina
1258 1976 1427 2029 uimque
1462 1976 1657 2027 tonandi3

465 2048 573 2088 hanc
608 2062 708 2103 ergo
743 2048 927 2089 aeternis
962 2048 1111 2088 merito
1145 2048 1330 2088 sacrauit
1362 2048 1405 2088 in
1437 2048 1561 2088 astris

388 2135 440 2162 370
462 2120 652 2175 Iuppiter
684 2124 726 2161 et
757 2120 864 2161 caeli
897 2120 1062 2160 caelum
1096 2119 1291 2159 mercede
1324 2119 1531 2173 rependit.

464 2192 739 2246 pleiadesque
772 2191 1017 2246 hyadesque
1050 2190 1129 2231 feri
1160 2191 1469 2245 parsgiuraque
1501 2191 1612 2231 tauri

466 2264 508 2304 in
541 2264 717 2305 boream
750 2263 971 2304 scandunt.
1036 2263 1140 2303 haec
1175 2267 1272 2303 sunt
1306 2262 1522 2317 aquilonia
1554 2262 1687 2317 signa.

395 2400 463 2435 344
489 2399 665 2435 adsaetol
692 2400 843 2434 adsedet
869 2402 902 2434 ei
929 2408 964 2433 m
991 2397 1049 2442 (E)
1077 2399 1248 2433 adsudeto
1273 2401 1305 2433 et
1329 2407 1366 2433 m
1392 2396 1449 2440 (L)
1477 2399 1536 2432 cai
1562 2407 1586 2442 g
1611 2409 1673 2433 ceu
1699 2407 1726 2430 ω
1752 2398 1882 2433 mundi
1900 2407 1921 2432 0
1946 2416 1992 2421 —

253 2466 320 2500 347
347 2465 511 2500 hocceani
529 2475 548 2499 c
580 2466 699 2500 oetaai
716 2474 754 2499 m
787 2483 829 2487 -—
863 2465 931 2500 348
959 2465 1042 2499 diuo
1060 2474 1099 2498 m
1131 2475 1241 2508 equas
1261 2475 1288 2496 ω
1322 2482 1365 2486 —-
1396 2464 1464 2498 349
1490 2463 1601 2498 claris
1622 2472 1659 2497 m
1686 2481 1728 2486 —
1756 2463 1826 2498 350
1849 2463 1992 2498 Andro-

253 2532 358 2566 meda
376 2540 396 2565 0
425 2549 465 2553 —
498 2531 563 2565 351
593 2533 625 2565 et
650 2531 739 2575 ripit
759 2539 792 2564 Π]
829 2547 871 2553 -
899 2529 1086 2564 352—354
1113 2530 1254 2564 diuisus
1278 2529 1393 2574 spatio
1418 2529 1511 2572 quod
1537 2529 1646 2563 tertia
1672 2528 1837 2572 lampade
1856 2527 1884 2571 (l
1904 2528 1992 2563 lam-

253 2597 350 2640 pada
368 2596 411 2637 ω)
443 2596 660 2640 conspicitur
679 2596 832 2639 paribus·
864 2595 1018 2629 deltoton
1051 2595 1148 2637 (inde
1174 2594 1242 2628 tolo
1267 2593 1319 2636 m)
1352 2594 1494 2628 nomine
1518 2594 1619 2628 sidus
1648 2605 1691 2627 ea:
1715 2593 1830 2628 simili
1856 2593 1992 2628 dictum

256 2660 401 2705 cepheus
427 2663 459 2695 et
487 2661 672 2704 Cassiopea
696 2668 716 2693 Ο
749 2678 794 2683 -
827 2660 893 2694 354
922 2660 1138 2704 sequuntur
1162 2659 1200 2693 in
1228 2668 1248 2693 o
1280 2659 1466 2693 399—402
1500 2656 1593 2693 ‘llaec
1618 2670 1775 2693 uacuum
1802 2676 1844 2680 ——
1871 2659 1993 2693 sidera

256 2723 413 2760 miscenffl
449 2724 539 2765 (duo
571 2724 663 2758 folia
697 2724 1034 2768 quadragenorum
1068 2725 1342 2768 quaternorum
1375 2733 1559 2758 uersuum
1592 2732 1772 2767 peruerse
1809 2721 1991 2766 colligata

257 2797 366 2830 erant
386 2795 423 2830 in
452 2797 481 2830 A
502 2793 696 2836 *Dimum—⁷)
721 2813 761 2817 —
788 2794 854 2829 355
873 2796 1033 2830 relictam
1052 2805 1073 2829 o
1096 2815 1137 2818 —
1155 2796 1221 2829 35ss
1232 2796 1342 2839 piscis
1361 2804 1381 2829 o
1401 2813 1442 2817 -
1462 2795 1530 2829 358
1551 2796 1587 2829 in
1606 2794 1679 2838 lgc
1705 2807 1749 2830 ne
1767 2805 1803 2829 m
1824 2773 1949 2840 ‘f‘essz‘ZZ‘t
1967 2806 1991 2839 g

255 2864 372 2895 semei
390 2872 417 2893 ω
439 2880 479 2884 —
500 2862 566 2895 359
586 2861 762 2914 emilioqae
780 2870 804 2903 g
823 2879 864 2882 ——
884 2861 952 2895 3450
972 2864 1160 2904 testemque
1178 2870 1198 2893 o
1218 2879 1260 2883 -
1280 2860 1344 2894 361
1365 2872 1454 2894 nexo
1473 2872 1493 2893 o
1510 2878 1552 2882 —
1572 2858 1639 2893 362
1659 2860 1823 2895 eniochus
1841 2861 1931 2905 glm
1947 2880 1989 2884 —

257 2932 325 2967 363
352 2934 472 2977 primo
497 2942 517 2966 Ο
552 2951 593 2955 —
625 2932 694 2967 365
720 2908 843 2966 tliiilckl
871 2935 955 2966 tane
972 2942 998 2963 ω
1038 2949 1079 2954 -
1111 2932 1179 2966 365
1207 2932 1386 2966 eludente-s·
1410 2940 1447 2964 n]
1473 2931 1653 2965 cludentes
1672 2941 1700 2963 ω
1731 2932 1852 2966 sidera
1875 2941 1913 2966 m
1947 2951 1988 2955 —

260 2999 326 3032 366
354 2998 488 3032 nabilis
505 2996 591 3031 linc
620 2997 746 3031 nobilis
767 3007 790 3040 g
817 3016 858 3019 —
887 2996 951 3030 371
983 2996 1166 3040 caraque]
1195 2999 1347 3040 atraque
1366 3006 1393 3028 ω
1420 3014 1462 3018 -—
1491 2996 1557 3030 372
1586 2996 1713 3031 borean
1737 3005 1762 3040 g
1788 2997 1928 3032 boream
1951 3006 1988 3031 ω.
