2106 3334
758 616 946 664 LIBER
986 615 1285 675 QUINTUS.

371 785 475 849 Hie
508 807 616 847 alius
647 806 809 846 finisset
840 805 919 845 iter
951 805 1167 858 signisque
1200 804 1370 855 relictis,

369 878 461 932 quis
494 877 674 917 aduersa
706 879 850 916 meant
880 875 1097 916 stellarum
1131 874 1306 915 numina
1338 874 1525 928 quinque

373 947 636 1002 quadriiugis
669 950 710 987 et
742 946 940 987 Phoebus
973 946 1093 1001 equis
1125 949 1166 986 et
1197 945 1323 986 Delia
1355 944 1480 999 bigis,

375 1033 457 1060 non
489 1019 601 1059 ultra
632 1018 853 1058 struxisset
883 1032 988 1071 opus
1021 1017 1224 1072 caeloque
1257 1017 1414 1057 rediret

338 1106 354 1131 5
374 1104 422 1130 ac
454 1103 529 1144 per
561 1089 811 1130 descensum
844 1088 1004 1129 medios
1036 1092 1304 1143 percurreret
1333 1088 1466 1142 ignes.

338 1177 354 1200 s
375 1175 441 1202 me
473 1174 700 1215 properare
734 1160 848 1200 uiam
880 1160 1063 1200 mundus
1095 1160 1213 1200 iubet
1244 1159 1387 1200 omnia
1419 1159 1577 1200 circum

375 1232 514 1273 sidera
547 1235 786 1272 uectantem
819 1235 861 1271 et
891 1235 977 1272 toto
1011 1231 1236 1271 decurrere
1269 1230 1401 1283 caelo,

323 1319 355 1344 10
375 1317 470 1344 cum
504 1303 634 1343 semel
668 1302 879 1343 aetherios
912 1303 1050 1343 iussus
1083 1302 1367 1343 conscendere
1401 1315 1550 1342 currus

377 1388 589 1415 summum
623 1374 871 1428 contigerim
904 1388 981 1414 sua
1013 1387 1087 1428 per
1118 1372 1289 1427 fastigia
1321 1373 1502 1413 culmen.

378 1445 474 1485 hinc
508 1448 633 1485 uocat
665 1444 812 1496 Orion,
844 1444 990 1500 magni
1018 1459 1116 1499 pars
1148 1443 1335 1485 maxima
1367 1443 1485 1489 caeli,

378 1520 419 1556 et
450 1516 552 1556 ratis
583 1515 775 1567 heroum,
808 1530 916 1570 quae
948 1530 1061 1557 nunc
1094 1529 1261 1570 quoque
1294 1515 1470 1567 nauigat
1501 1514 1636 1564 astris,

371 1586 632 1640 fluminaque
665 1587 845 1627 errantis
876 1587 960 1628 late
993 1586 1207 1628 sinuantia
1238 1586 1385 1637 flexus,

328 1674 359 1699 15
380 1662 420 1698 et
452 1657 561 1698 bifer
589 1661 631 1698 et
662 1661 801 1698 cetum
835 1658 1022 1712 squamis
1055 1661 1182 1713 atque
1214 1671 1286 1698 ore
1318 1657 1553 1707 tremendo,

380 1728 751 1783 Hesperidumque
785 1729 888 1783 uigil
921 1732 1060 1770 custos
1093 1732 1134 1769 et
1166 1728 1309 1769 diuitis
1341 1728 1448 1779 auri,

380 1812 551 1853 araque,
585 1799 779 1840 diuorum
814 1800 881 1840 cui
912 1804 1059 1841 uotum
1092 1800 1219 1841 soluit
1251 1799 1477 1854 Olympus3

382 1870 497 1911 illinc
529 1884 605 1925 per
636 1871 828 1925 geminas
862 1871 1012 1926 anguis
1045 1872 1117 1926 qui
1148 1871 1305 1913 labitur
1336 1875 1487 1921 arctos,

328 1957 363 1983 20
383 1941 700 1997 heniochusque
733 1956 896 1983 memor
928 1957 1088 1995 currus,
1122 1942 1386 1998 plaustrique
1419 1942 1580 1992 bootes,

385 2018 512 2067 atque
545 2012 786 2054 Ariadneae
820 2014 1023 2055 caelestia
1055 2015 1167 2055 dona
1199 2028 1395 2065 coronae,

384 2084 518 2124 uictor
550 2088 591 2124 et
621 2084 786 2126 inuisae
818 2085 1001 2127 Perseus
1034 2100 1130 2127 cum
1164 2086 1273 2127 falce
1306 2085 1520 2131 Medusae,

384 2154 792 2210 Andromedamque
825 2170 987 2211 negans
1019 2158 1186 2212 genitor
1218 2171 1314 2198 cum
1348 2156 1527 2210 coniuge
1559 2153 1770 2209 Cepheus,

388 2225 544 2280 quique
576 2227 691 2268 uolat
723 2227 914 2269 stellatus
947 2242 1094 2283 equus,
1127 2228 1340 2283 celerique
1373 2227 1551 2281 sagittae

322 2371 373 2406 ad
399 2381 518 2416 marg.
546 2374 563 2407 1
604 2372 712 2408 Liber
737 2373 799 2408 Vl
838 2397 883 2400 —
922 2377 939 2409 1
964 2374 1050 2418 fluis
1073 2377 1126 2410 set
1142 2375 1199 2410 lm
1238 2374 1368 2410 relictis
1385 2384 1410 2419 g
1446 2373 1567 2409 relatis
1583 2384 1611 2406 ω
1647 2368 1909 2407 strinxissetlc

177 2437 364 2472 struxisset
380 2446 449 2480 gm
476 2456 517 2460 -
546 2438 566 2472 5
591 2441 874 2481 percurreretm
903 2439 1105 2475 decurreret
1120 2451 1147 2473 ω
1172 2441 1259 2485 post
1285 2450 1318 2474 v.
1338 2441 1370 2475 5.
1395 2450 1470 2474 vss.
1489 2440 1521 2474 6.
1538 2441 1556 2475 7
1584 2436 1737 2473 Saturni
1754 2434 1854 2471 Iouis
1878 2436 1913 2469 et

182 2500 318 2537 Martis
338 2501 495 2545 Solisque
510 2501 572 2536 sub
589 2502 660 2537 illis
673 2505 753 2547 post
772 2505 940 2539 Venerem
958 2507 993 2539 et
1010 2504 1110 2540 Maia
1129 2507 1256 2540 uatum
1277 2507 1308 2540 te
1325 2505 1410 2540 luna
1427 2506 1617 2549 uagantem
1636 2511 1770 2537 versus
1790 2499 1911 2545 spurii

179 2566 217 2601 in
247 2576 267 2601 0
294 2565 478 2610 leguntur
509 2586 549 2590 —
578 2568 599 2602 8
631 2568 786 2603 mundus
810 2579 830 2604 ο
862 2569 942 2605 libet
964 2579 985 2604 Ο
1015 2571 1110 2605 cirea
1130 2581 1164 2605 m
1194 2570 1251 2613 (L)
1283 2592 1325 2596 —
1359 2572 1380 2605 9
1406 2571 1594 2605 nectantur
1611 2578 1632 2604 0
1661 2572 1694 2602 et
1719 2576 1791 2601 om.
1818 2575 1840 2600 ο
1868 2585 1909 2589 -

182 2633 226 2666 10
256 2629 426 2665 aetherios
443 2629 489 2675 lg
515 2629 530 2675 Η
557 2633 782 2668 conscendere
800 2633 858 2669 lm
896 2629 1096 2671 dfssssendere
1116 2646 1167 2679 gc
1193 2647 1314 2671 curros
1336 2646 1373 2670 m
1407 2654 1448 2658 —
1484 2637 1524 2670 11
1557 2631 1786 2677 contiwqerim
1805 2640 1839 2664 m
1868 2650 1909 2653 —

184 2698 238 2731 12.
258 2697 303 2730 13
319 2696 438 2739 maqm‘
448 2706 538 2739 pars
555 2697 715 2732 mamima
737 2699 820 2734 caeli
837 2701 873 2734 et
885 2701 975 2735 ratis
997 2701 1138 2736 heroum
1156 2700 1330 2741 (heorum)
1345 2701 1474 2736 seruat
1493 2710 1528 2734 m
1550 2697 1658 2742 (uvl)
1685 2707 1757 2732 om.
1776 2695 1849 2739 lgc
1869 2714 1910 2718 —

184 2762 228 2796 13
254 2759 314 2804 qui
332 2770 353 2804 g
381 2770 488 2803 quam
505 2770 525 2796 c
551 2774 638 2805 quae
655 2763 711 2798 lm
742 2785 783 2788 —
812 2767 856 2800 14
880 2756 1070 2801 errcmffisl
1094 2770 1250 2801 errantes
1269 2775 1321 2810 gc
1347 2765 1501 2800 errantis
1522 2774 1559 2799 m
1586 2783 1626 2787 -—
1654 2763 1697 2797 15
1723 2761 1877 2805 biferum
1891 2769 1912 2794 o

183 2824 347 2860 caecuml
370 2835 487 2876 cecum
502 2836 527 2869 g
549 2838 685 2863 coecum
701 2840 719 2864 c
736 2841 850 2864 cecum
865 2841 902 2865 m
919 2831 1077 2875 spuamis
1090 2841 1115 2875 g
1131 2831 1301 2876 {squamas
1317 2841 1336 2866 c
1354 2829 1465 2875 adque
1483 2839 1548 2865 cm
1566 2840 1629 2863 ora
1645 2827 1658 2862 l
1676 2846 1719 2850 —
1735 2827 1778 2861 16
1792 2824 1915 2860 diuitis

185 2889 326 2925 detauri
343 2899 379 2923 m
422 2908 463 2912 -
506 2892 548 2928 19
573 2894 698 2937 anquis
716 2905 736 2929 o
776 2914 817 2918 —
857 2897 902 2931 20
928 2897 1141 2941 Eniochusq.
1160 2906 1181 2931 o
1215 2896 1306 2932 boote
1324 2906 1343 2931 c
1381 2917 1424 2921 —
1463 2896 1508 2929 23
1533 2892 1854 2935 Andromedanque
1878 2900 1914 2924 m

188 2961 296 3001 neyut
314 2974 334 2999 ρ
363 2978 401 2981 -
433 2954 478 2989 24
503 2971 636 3006 quaque
653 2972 674 2998 o
699 2961 797 2996 uolat
812 2971 843 2996 o.
