2106 3334
783 89 899 125 Liber
924 88 967 123 V.
1019 89 1214 124 390—419.
1783 89 1862 129 137

279 251 331 278 390
422 235 702 289 anguitenens
735 247 889 287 magno
924 231 1208 273 circumdatus
1240 230 1341 271 orbe
1374 229 1570 270 draconis

348 321 442 347 cum
475 306 591 346 uenit
622 305 665 345 in
697 304 870 358 regione
903 307 1014 354 tuae,
1048 303 1308 357 capricorne,
1341 302 1516 355 figurae,

350 392 434 418 non
466 377 637 417 inimica
668 375 771 416 facit
802 378 1046 429 serpentum
1079 374 1271 414 membra
1302 373 1472 421 creatis3

351 448 559 503 accipient
590 447 837 501 sinibusque
870 446 954 487 suis
988 445 1197 500 peploque
1228 444 1375 484 fluenti

351 520 578 573 osculaque
610 518 832 559 horrendis
863 518 1040 570 iungent
1072 517 1244 570 impune
1278 515 1466 555 uenenis.

279 606 330 633 395
351 595 393 631 at
424 605 520 631 cum
553 604 596 630 se
629 590 765 644 patrio
798 589 1003 643 producet
1034 588 1076 628 in
1109 601 1293 641 aequore
1327 586 1452 640 piscis

351 662 392 702 in
425 661 675 715 caelumque
707 660 846 700 ferens
879 659 1028 699 alienis
1059 658 1214 698 finibus
1246 657 1336 707 ibit,

352 733 542 787 quisquis
575 732 654 772 erit
684 731 756 772 tali
790 731 960 785 capiens
993 730 1070 770 sub
1103 733 1292 782 tempore
1325 728 1470 778 uitam⁷

351 803 544 843 litoribus
576 803 734 856 ripisue
767 815 864 842 suos
897 800 1168 841 circumferet
1201 813 1334 839 annos

350 874 607 928 pendentem
640 877 681 912 et
713 886 838 912 caeco
873 871 1059 926 captabit
1091 871 1133 911 in
1167 884 1351 924 aequore
1385 870 1557 924 piscem,

279 959 331 985 400
351 955 535 995 cumque
568 943 653 984 suis
686 942 882 983 domibus
914 942 1077 982 concha
1110 941 1306 995 ualloque
1338 941 1508 981 latentis

349 1014 567 1069 protrahet
598 1014 819 1054 inmersus.
884 1013 989 1053 nihil
1022 1017 1084 1053 est
1116 1012 1272 1052 audere
1305 1012 1520 1062 rolictum3

351 1089 550 1140 quaestus
583 1084 805 1138 naufragio
839 1085 1007 1138 petitur,
1043 1098 1280 1138 corpusque
1312 1082 1522 1137 profundo

349 1157 571 1197 inmissum
605 1156 765 1210 pariter
797 1169 891 1195 cum
924 1155 1085 1209 praeda
1118 1154 1353 1208 exquiritur
1385 1154 1488 1208 ipsa.

348 1242 424 1268 nec
458 1242 625 1282 semper
656 1227 762 1268 tanti
794 1241 956 1267 merces
989 1230 1052 1267 est
1084 1240 1218 1280 parua
1251 1226 1426 1266 laboris:

276 1314 328 1339 405
349 1299 542 1340 censibus
575 1303 812 1353 aequantur
845 1298 1030 1339 conchae
1063 1297 1338 1351 lapidumque
1373 1297 1516 1346 nitori3

351 1371 422 1411 uix
454 1384 657 1424 umquam
689 1370 877 1424 locuples
910 1373 1111 1410 oneratur
1141 1373 1255 1409 terra
1286 1367 1511 1422 profundo.

352 1441 425 1482 tali
457 1445 568 1482 sorte
600 1455 698 1481 snas
731 1444 842 1481 artes
875 1454 951 1494 per
982 1440 1106 1480 litora
1138 1443 1304 1490 tractat,

352 1516 425 1552 aut
457 1512 559 1553 emit
591 1516 787 1552 externos
819 1512 954 1566 pretio
988 1514 1208 1565 mutatque
1241 1510 1408 1551 labores

351 1584 518 1624 institor
549 1597 786 1638 aequoreae
819 1583 939 1623 uaria
972 1583 1048 1623 sub
1081 1582 1268 1635 imagine
1301 1582 1465 1622 mercis.

281 1670 332 1696 410
353 1669 533 1709 cumque
565 1654 660 1695 fidis
692 1668 847 1709 magno
881 1653 1112 1694 succedunt
1144 1653 1284 1693 sidera
1317 1653 1488 1703 mundo,

353 1726 567 1780 quaesitor
598 1725 806 1766 scelerum
839 1724 983 1765 ueniet
1014 1724 1256 1778 uindexque
1289 1738 1473 1775 reorum,

352 1797 423 1851 qui
457 1797 681 1837 commissa
714 1797 799 1837 suis
832 1796 1055 1837 rimabitur
1087 1795 1350 1849 argumentis

351 1868 395 1908 in
426 1868 649 1922 lucemque
682 1868 820 1909 trahet
852 1868 980 1908 tacita
1011 1866 1221 1908 latitantia
1254 1867 1424 1917 fraude,

352 1938 450 1980 hinc
483 1939 609 1980 etiam
642 1939 802 1980 inmitis
834 1943 967 1980 tortor
998 1952 1245 1994 poenaeque
1279 1938 1484 1989 minister,

278 2026 330 2052 415
351 2014 392 2051 et
423 2011 614 2065 quisquis
647 2025 805 2052 ueroue
838 2011 955 2051 fauet
988 2010 1212 2065 culpamue
1244 2010 1424 2064 perodit,

352 2082 557 2135 proditur,
591 2086 717 2136 atque
750 2082 833 2123 alto
867 2081 939 2136 qui
971 2082 1109 2136 iurgia
1141 2085 1311 2136 pectore
1344 2081 1474 2122 tollat.

354 2153 573 2194 caeruleus
605 2158 733 2208 ponto
768 2167 862 2194 cum
895 2167 939 2194 se
971 2153 1196 2207 delphinus
1228 2153 1271 2193 in
1305 2156 1418 2193 astra

355 2224 480 2278 erigit
512 2228 553 2265 et
584 2239 805 2279 squamam
839 2225 968 2265 stellis
1001 2224 1266 2265 imitantibus
1299 2223 1396 2273 exit,

353 2296 578 2351 ambiguus
611 2301 749 2337 terrae
781 2300 927 2351 partus
959 2296 1196 2351 pelagoque
1229 2299 1410 2336 creatur.

284 2415 351 2449 390
365 2413 418 2448 Et
433 2413 619 2458 quitenens
633 2424 667 2448 m
687 2413 915 2448 arceteuensl
932 2413 1131 2448 arcitenens
1145 2422 1198 2457 gc
1222 2412 1403 2447 dracontis
1416 2422 1453 2446 m
1470 2410 1527 2453 (L)
1552 2430 1596 2433 ——
1617 2411 1681 2444 391
1702 2398 1783 2443 ueHit
1798 2409 1811 2443 l
1834 2431 1872 2434 —

143 2480 211 2513 393
223 2478 428 2522 accipientg
447 2479 662 2523 accipiunto
682 2478 925 2522 sensibusquel
946 2478 1147 2522 senibusque
1159 2487 1227 2521 gni
1246 2477 1445 2520 sinibusque
1457 2486 1475 2510 c
1491 2475 1682 2520 populoque
1693 2473 1705 2507 l
1716 2484 1749 2507 m
1760 2474 1876 2517 peplo-

142 2556 206 2588 que
220 2554 271 2587 gc
298 2543 426 2587 fluenti
439 2554 463 2588 g
489 2544 672 2587 fluentisoe
700 2562 740 2566 -
768 2544 836 2577 394
859 2543 994 2586 inpune
1008 2543 1052 2587 lg
1082 2543 1211 2587 inpone
1225 2552 1262 2576 m
1285 2561 1326 2565 —-
1347 2543 1414 2577 395
1434 2553 1473 2576 ac
1494 2551 1529 2575 m
1548 2538 1766 2584 proflucitlc
1791 2539 1832 2573 in
1853 2549 1874 2573 o

141 2609 251 2653 pisces
264 2619 300 2644 m
324 2629 364 2633 -—
387 2610 452 2645 397
468 2597 647 2653 quisquisis
660 2615 686 2645 e.
703 2609 715 2643 l
738 2613 765 2643 e.
781 2619 805 2652 g
829 2610 914 2643 estc
937 2608 1002 2643 erit
1017 2618 1051 2642 m
1081 2625 1121 2631 —
1142 2609 1210 2642 398
1230 2607 1361 2651 ripisue
1376 2617 1412 2641 m
1436 2605 1591 2650 ripisque
1605 2615 1632 2637 ω
1653 2626 1693 2630 »-
1713 2608 1778 2641 401
1796 2617 1875 2650 pro-

145 2675 256 2709 trahet
270 2685 291 2710 0
315 2670 528 2718 inmezrzsusl
553 2675 731 2709 inmersus
750 2683 785 2708 m
811 2673 960 2708 inffizsus
978 2683 1002 2716 g
1027 2691 1068 2695 ——
1088 2674 1156 2707 403
1184 2671 1367 2706 inmissum
1385 2671 1430 2715 lg
1456 2682 1557 2715 quam
1580 2681 1600 2705 ο
1626 2671 1813 2715 eoeequitur
1830 2670 1876 2714 lg

143 2739 390 2783 eoequiriturm
401 2759 442 2762 —
452 2741 520 2774 404
533 2741 592 2774 tan
599 2741 633 2773 ΐα
641 2739 691 2773 lm
713 2738 943 2806 rapidunssque
959 2748 978 2772 0
997 2733 1139 2782 notin-il
1162 2736 1278 2771 notori
1289 2746 1326 2770 m
1344 2736 1461 2771 notari
1475 2747 1499 2780 g
1508 2746 1525 2771 c
1546 2759 1588 2761 ᾉ
1610 2738 1677 2771 407
1690 2736 1784 2779 forte
1795 2745 1815 2769 o
1830 2755 1874 2757 ξ

907 2785 1002 2808 instita·
1009 2793 1019 2807 1·

144 2824 212 2857 408
240 2822 423 2868 mittatque
439 2823 452 2857 l
492 2841 534 2846 —-
573 2824 641 2858 409
673 2821 800 2856 insitor
824 2820 865 2855 lc
890 2820 1020 2855 insitor
1038 2831 1061 2864 g
1087 2820 1261 2876 instititor
1278 2830 1313 2854 ln
1341 2819 1407 2854 sibi
1425 2819 1433 2853 l
1474 2839 1518 2841 —
1557 2820 1625 2853 410
1655 2814 1767 2859 sidere}
1785 2817 1797 2852 l
1832 2838 1874 2841 —

145 2888 213 2922 413
226 2887 370 2922 latentia
384 2897 404 2922 o
421 2909 461 2913 —
478 2889 546 2922 414
563 2887 700 2922 inmitis
713 2886 770 2922 lm
792 2905 834 2910 -
853 2887 920 2921 415
938 2897 1021 2920 uero
1032 2895 1053 2921 o
1068 2880 1193 2929 fauetl
1204 2885 1353 2928 fauetm
1365 2884 1519 2928 fauitgc
1534 2903 1575 2906 —
1591 2884 1658 2918 41ss
1671 2883 1840 2927 proditur
1853 2893 1873 2918 ο

146 2952 262 2996 turyia
279 2961 316 2987 m
337 2955 480 2997 pectora
498 2952 556 2987 lm
578 2954 714 3001 pectore
733 2962 757 2995 g
785 2971 825 2975 ——
854 2952 923 2986 418
948 2952 999 2986 est
1020 2950 1069 2986 sic
1086 2960 1124 2985 m
1151 2969 1192 2974 —
1221 2951 1288 2985 419
1314 2951 1455 2984 creatur
1473 2959 1510 2984 m
1535 2951 1675 2983 creatus
1691 2959 1728 2982 ω.
