2106 3334
269 148 320 188 18
923 143 1034 178 Liber
1061 143 1084 177 1.
1136 143 1331 177 529—558.

474 301 552 329 nec
586 285 737 328 cadere
770 285 811 325 in
844 288 1001 325 terram
1034 283 1263 338 pendentia
1294 283 1434 324 sidera
1467 284 1583 324 caelo

405 375 455 402 5³30
475 359 549 400 sed
581 358 772 399 dimensa
803 356 889 396 suis
922 368 1170 396 consumere
1203 357 1397 409 tempora
1428 354 1580 409 signis:

473 444 557 472 non
591 442 711 469 casus
744 441 849 481 opus
881 430 957 478 est,
989 426 1134 480 magni
1167 425 1241 466 sed
1272 425 1459 466 numinis
1491 426 1606 467 ordo.

543 502 649 541 haec
680 498 809 553 igitur
840 501 988 539 texunt
1020 497 1187 551 aequali
1220 496 1360 537 sidera
1392 500 1528 538 tractu

472 571 642 627 ignibus
674 570 716 609 in
749 568 890 610 uarias
924 568 1087 609 caelum
1118 568 1362 623 laqueantia
1395 567 1564 610 forinas.

474 643 597 684 altius
629 641 694 682 his
726 640 829 681 nihil
863 644 943 691 est3
976 640 1082 681 haec
1115 644 1213 680 sunt
1244 638 1415 694 fastigia
1447 639 1614 690 mundi3

402 731 453 757 535
472 714 643 770 publica
674 716 852 753 naturae
885 712 1035 753 domus
1066 711 1132 751 his
1166 714 1363 752 contenta
1394 714 1562 752 tenetur

470 785 625 827 finibus
657 783 916 838 amplectens
948 786 1126 838 pontum
1157 786 1377 837 terrasque
1409 782 1598 823 iacentis.

472 856 614 898 omnia
646 854 845 896 concordi
876 857 1014 895 tractu
1045 853 1307 908 ueniuntque
1340 853 1595 908 caduntque,

471 942 555 983 qua
587 926 717 968 semel
749 925 942 966 incubuit
974 925 1139 966 caelum
1171 938 1428 979 uersumque
1462 925 1655 980 resurgit.

542 1000 631 1053 ipse
665 1001 806 1038 autem
840 1000 1045 1051 quantuni
1078 1009 1268 1037 connexo
1302 995 1485 1036 mundus
1518 996 1700 1051 Olympo

399 1088 450 1114 540
471 1070 659 1112 obtineat
691 1068 889 1123 spatium,
923 1067 1092 1122 quantis
1125 1067 1188 1108 bis
1221 1081 1324 1108 sena
1355 1067 1548 1108 ferantur

470 1142 625 1183 finibus
659 1143 783 1191 astra,
819 1139 942 1180 docet
972 1139 1093 1190 ratio,
1129 1139 1195 1180 cui
1230 1138 1345 1179 nulla
1376 1139 1578 1179 resistunt

470 1214 655 1255 claustra
686 1225 764 1252 nec
796 1211 1015 1251 inmensae
1048 1211 1181 1251 moles
1215 1210 1455 1265 ceduntque
1486 1224 1693 1262 recessus,

470 1285 612 1326 omnia
645 1282 938 1333 succumbunt,
972 1281 1111 1337 ipsum
1144 1286 1206 1322 est
1237 1281 1502 1336 penetrabile
1536 1282 1712 1322 caelum.

468 1369 567 1396 nam
602 1357 806 1409 quantum
840 1367 864 1393 a
897 1353 1020 1394 terris
1054 1357 1179 1407 atque
1214 1366 1397 1407 aequore
1429 1353 1551 1407 sigua
1581 1353 1799 1406 recedunt,

397 1443 448 1469 545
469 1431 634 1468 tantum
666 1425 767 1465 bina
798 1428 956 1479 patent.
1022 1437 1290 1478 quacumque
1323 1423 1524 1464 inciditur
1555 1424 1668 1464 orbis

468 1512 543 1553 per
574 1496 776 1547 medium,
810 1509 907 1550 pars
942 1494 1125 1535 efficitur
1157 1498 1247 1535 tum
1279 1494 1403 1535 tertia
1436 1494 1526 1549 gyri

468 1570 620 1623 exiguo
654 1567 856 1607 dirimens
890 1565 1069 1607 solidam
1101 1565 1346 1606 discrimine
1379 1579 1602 1606 summam.

468 1642 585 1680 astra
617 1639 745 1694 igitur
778 1638 943 1679 caelum
976 1637 1039 1678 bis
1072 1637 1173 1678 bina
1205 1636 1363 1691 refugit
1395 1637 1448 1677 ab
1480 1637 1564 1678 imo

465 1724 691 1762 summum,
725 1710 788 1750 bis
821 1709 933 1750 senis
966 1713 1011 1749 ut
1043 1709 1096 1749 sit
1126 1723 1224 1763 pars
1256 1709 1382 1749 tertia
1414 1708 1558 1763 signis.

397 1798 448 1824 550
470 1782 543 1824 sed
576 1782 674 1836 qnia
706 1795 782 1835 per
813 1780 1001 1821 medium
1037 1783 1100 1820 est
1130 1780 1254 1820 tellus
1288 1793 1493 1834 suspensa
1525 1779 1800 1834 profundum,

466 1854 577 1894 binis
609 1867 633 1893 a
665 1866 829 1893 summo
863 1852 994 1906 signis
1026 1851 1205 1892 discedit
1237 1854 1278 1891 et
1309 1851 1407 1891 imo.

466 1925 564 1965 hinc
597 1924 726 1978 igitur
758 1923 1055 1978 quodcumque
1088 1936 1216 1977 supra
1249 1926 1289 1963 te
1322 1922 1500 1977 suspicis
1532 1922 1636 1977 ipse,

468 2010 551 2051 qua
581 2009 657 2051 per
686 1995 814 2035 inane
845 1998 989 2035 meant
1022 1994 1132 2035 oculi
1165 2007 1333 2048 quaque
1365 1994 1427 2034 ire
1459 1997 1671 2047 recusant,

466 2067 576 2108 binis
610 2066 880 2121 aequandum
913 2069 976 2106 est
1008 2065 1152 2120 siguiS,
1188 2079 1260 2106 sex
1293 2068 1412 2106 tanta
1444 2064 1652 2106 rotundae

395 2154 447 2180 555
468 2138 660 2180 efficiunt
691 2138 837 2178 orbem
869 2150 1015 2189 zonae,
1051 2150 1134 2191 qua
1167 2136 1289 2191 signa
1321 2135 1518 2177 feruntur

466 2209 529 2250 bis
561 2223 634 2250 sex
666 2208 833 2262 aequali
866 2208 1000 2262 spatio
1034 2206 1219 2248 texentia
1253 2207 1435 2248 caelum.

468 2295 544 2322 nec
576 2280 729 2320 mirere
761 2293 892 2334 uagos
924 2283 1071 2334 partus
1104 2278 1253 2319 eadem
1287 2292 1381 2319 esse
1414 2291 1490 2332 per
1523 2282 1636 2319 astra

467 2356 507 2392 et
536 2352 713 2392 mixtum
745 2351 906 2406 ingenti
939 2350 1106 2405 generis
1139 2349 1382 2391 discrimine
1425 2350 1572 2401 fetum,

396 2560 461 2595 529
495 2563 625 2594 terram
644 2568 665 2593 o
693 2576 734 2580 —-
763 2557 952 2602 sequitur:
981 2558 1039 2592 De
1062 2555 1241 2600 parallelis
1266 2556 1419 2592 circulis.
1464 2556 1630 2592 Circulus
1655 2557 1703 2591 ad
1728 2574 1770 2579 -—
1794 2557 1991 2592 uolitantia

251 2636 337 2670 5}er
363 2623 578 2667 (566—611)
604 2622 675 2658 lm.
715 2632 787 2657 om.
814 2622 855 2657 de
874 2622 1003 2667 parall.
1031 2632 1061 2657 c.
1101 2632 1124 2666 g
1153 2619 1346 2665 (trajectio
1374 2620 1508 2656 cadem
1534 2621 1607 2664 est)
1629 2639 1670 2645 —-
1690 2621 1758 2656 532
1783 2609 1989 2656 sidet-21—

255 2691 322 2724 533
360 2691 398 2726 in
431 2688 465 2709 “¹
493 2689 630 2724 caelum
659 2685 693 2706 “²
730 2687 890 2722 uariasl
928 2687 1027 2730 (coll.
1056 2687 1175 2729 Vrat.)
1214 2687 1253 2722 in
1276 2699 1302 2722 c.
1328 2699 1363 2722 u.
1390 2696 1414 2730 g
1450 2686 1489 2720 in
1521 2685 1645 2720 uarias
1678 2685 1811 2720 caelum
1842 2695 1910 2721 mc
1946 2706 1988 2710 -

255 2754 321 2788 536
360 2754 505 2789 iacentis
529 2763 564 2788 m
604 2753 753 2788 iacentes
770 2763 797 2785 ω
838 2773 878 2776 -
917 2754 1005 2797 post
1031 2753 1098 2787 538
1132 2752 1350 2796 (resurgit):
1389 2751 1447 2786 De
1472 2750 1712 2794 maqnitucline
1742 2755 1774 2786 et
1799 2750 1989 2786 latitudine

256 2818 382 2853 mmuh·
395 2821 429 2854 et
439 2818 619 2863 signorum
634 2818 647 2852 1
667 2817 776 2860 (min)
791 2828 814 2861 g
840 2816 930 2861 (maj
937 2818 958 2859 .)
976 2819 998 2852 d
1015 2817 1202 2852 latitudine
1219 2819 1255 2852 et
1269 2815 1517 2862 maynitudme
1530 2828 1575 2850 m.
1589 2828 1616 2850 e.
1630 2826 1656 2850 s.
1677 2825 1715 2850 m
1734 2815 1842 2851 deest
1855 2815 1896 2850 in
1911 2825 1931 2851 c
1946 2834 1988 2839 —

254 2885 322 2919 543
339 2884 573 2918 subcumbam
590 2883 646 2918 lm
666 2901 708 2905 —
728 2884 795 2917 545
813 2887 993 2926 quar-«aque
1011 2892 1049 2917 m
1068 2902 1110 2906 --
1136 2883 1204 2917 548
1221 2891 1405 2916 summum
1423 2880 1535 2925 igitur
1553 2890 1574 2916 o
1598 2892 1668 2916 uno
1686 2890 1711 2925 g
1736 2899 1778 2904 —
1803 2881 1870 2915 549
1889 2882 1990 2915 astra

253 2949 304 2983 bis
328 2958 348 2983 o
372 2968 417 2971 ——
441 2950 508 2983 552
535 2949 598 2983 hac
619 2947 758 2992 yeritur
776 2957 814 2982 m
843 2970 887 2973 —
917 2948 984 2982 553
1015 2946 1101 2991 {mal
1127 2959 1188 2991 que
1209 2957 1246 2981 m
1271 2938 1434 2990 quiquel
1459 2957 1589 2989 queque
1608 2956 1645 2980 m
1663 2965 1709 2968 —
1729 2945 1797 2980 554
1825 2945 1991 2989 tantaml

254 3016 348 3048 mute
366 3023 403 3048 m
430 3031 472 3037 —-
500 3015 565 3047 557
593 3024 653 3047 nec
671 3022 692 3046 0
719 3031 762 3036 —-
787 3013 856 3046 558
879 3012 992 3055 fetum
1012 3021 1046 3046 m
1074 3011 1130 3054 (L)
1155 3012 1275 3055 fatum
1294 3022 1332 3044 ω.
