2106 3334
208 115 264 155 40
859 112 969 147 Liber
996 113 1037 148 H.
1090 115 1285 148 225--252,

349 272 399 298 225
421 271 572 297 cancer
604 261 644 297 ct
677 258 809 296 effuso
842 256 1076 309 gaudentes
1110 270 1294 309 aequore
1327 256 1474 309 pisces.

421 332 518 368 sunt
549 342 657 381 quae
689 332 859 367 terrena
892 330 1119 367 censentur
1150 326 1288 367 sidera
1319 331 1442 377 sorte,

421 400 616 453 princeps
649 398 826 438 armenti
861 402 1006 438 taurus
1039 411 1256 451 regnoque
1289 398 1496 452 superbus

417 469 594 522 lanigeri
627 469 768 522 gregis
801 473 864 509 est
896 469 1004 509 aries
1038 469 1252 523 pestisque
1285 468 1465 508 duorum

422 540 731 594 praedatorque
764 540 828 580 leo
863 544 903 580 et
935 540 1123 580 dumosis
1157 540 1347 593 scorpius
1380 540 1505 580 aruis.

352 627 404 654 230
423 615 520 651 sunt
551 611 677 651 etiam
712 610 877 651 mediae
909 611 1015 665 legis
1049 610 1291 651 communia
1324 610 1458 663 signa,

423 682 647 736 ambiguus
680 685 817 722 terrae
851 682 1137 736 capricornus,
1172 681 1372 736 aquarius
1406 682 1542 734 undis,

417 764 609 804 parsque
641 751 810 792 marine
844 750 988 792 nitens
1019 750 1248 804 fundentis
1280 765 1449 804 semiper·
1483 751 1664 804 aquari:

424 824 568 865 umida
601 824 779 865 terrenis
812 825 980 879 aequali
1012 824 1184 865 foedere
1218 825 1360 865 mixta.

495 910 578 936 non
611 897 709 936 licet
740 910 764 937 a
797 896 983 937 minimis
1016 897 1205 937 animum
1239 896 1463 937 deflectere
1497 896 1620 947 curis,

355 982 405 1007 2:25
427 981 503 1008 nec
536 968 762 1022 quicquain
794 968 970 1009 rationis
1004 972 1099 1022 eget
1130 967 1343 1008 frustrane
1377 972 1577 1008 creatum.

426 1038 654 1079 fecundum
689 1043 751 1080 est
783 1040 953 1095 proprie
986 1040 1128 1080 cancri
1161 1053 1295 1093 genus
1328 1053 1425 1079 acer
1458 1044 1498 1079 et
1531 1039 1615 1079 ictu

428 1110 613 1165 scorpios
647 1114 688 1151 et
719 1114 843 1165 partu
876 1111 1137 1165 complentes
1170 1124 1356 1164 aequora
1388 1109 1536 1164 pisces.

428 1181 502 1221 sed
534 1181 686 1222 sterilis
720 1182 841 1236 uirgo
875 1186 938 1223 est
970 1182 1096 1223 simili
1130 1182 1355 1223 coniuncta
1386 1182 1518 1232 leoni3

429 1266 506 1293 nec
539 1253 663 1308 capit,
696 1257 769 1294 aut
801 1257 945 1308 captos
977 1253 1156 1294 effundit
1188 1253 1387 1308 aquarius
1420 1257 1548 1294 ortus.

358 1338 409 1363 240
428 1323 538 1364 inter
570 1328 796 1379 utrumque
828 1329 972 1366 manet
1005 1325 1277 1379 capricornus
1311 1337 1486 1379 corpore
1518 1324 1662 1376 mixto,

430 1398 471 1435 et
502 1395 573 1449 qui
605 1394 784 1437 Cretaeo
818 1396 952 1450 fulget
985 1399 1210 1436 centaurus
1243 1396 1286 1436 in
1319 1409 1434 1446 arcu,

430 1467 751 1521 communisque
784 1468 891 1508 aries
925 1471 1180 1522 aequantem
1213 1470 1404 1521 tempore
1435 1466 1589 1508 libram

431 1541 472 1577 et
502 1538 694 1592 geminos
729 1542 982 1593 taurumque
1014 1539 1107 1593 pari
1139 1538 1216 1579 sub
1249 1542 1360 1579 sorte
1392 1541 1597 1579 recenset.

502 1623 579 1650 nec
612 1614 656 1650 tu
688 1611 805 1651 nulla
837 1614 958 1665 putes
991 1611 1035 1651 in
1068 1624 1116 1651 eo
1151 1613 1391 1650 commenta
1422 1609 1584 1651 locasse

362 1694 412 1720 245
433 1684 628 1722 naturam
661 1696 817 1734 rerum,
852 1682 964 1736 quod
997 1685 1095 1722 sunt
1128 1681 1341 1722 currentia
1373 1681 1597 1736 quaedam,

433 1755 479 1791 ut
509 1752 574 1793 leo
608 1756 649 1793 et
681 1753 920 1794 arcitenens
953 1753 1147 1807 ariesque
1179 1753 1223 1793 in
1255 1766 1415 1793 cornua
1447 1756 1593 1793 tortus.

429 1827 500 1864 aut
532 1838 641 1877 quae
673 1829 789 1865 recta
821 1824 907 1865 suis
939 1825 1153 1865 librantur
1185 1824 1340 1864 stantia
1371 1824 1586 1875 membris,

434 1898 480 1934 nt
511 1895 632 1949 uirgo
666 1900 707 1936 et
739 1896 897 1949 gemini
929 1896 1112 1936 fundens
1145 1899 1186 1935 et
1217 1895 1418 1949 aquarius
1450 1895 1599 1936 undas.

435 1966 504 2006 uel
536 1981 645 2020 quae
677 1967 789 2008 fessa
821 1967 970 2008 sedent
1001 1967 1144 2021 pigras
1176 1966 1405 2007 referentia
1438 1970 1614 2017 mentes,

366 2054 417 2079 250
437 2041 582 2078 taurus
615 2038 817 2093 depositis
849 2039 955 2079 collo
989 2038 1149 2093 sopitus
1183 2038 1347 2091 aratris,

434 2109 543 2150 libra
574 2110 651 2150 sub
685 2111 860 2151 emerito
893 2110 1116 2151 considens
1148 2109 1249 2150 orbe
1280 2109 1488 2160 laborum,

438 2185 567 2236 tuque
599 2185 685 2235 tuo,
719 2182 978 2237 capricorne,
1013 2181 1111 2236 gelu
1145 2184 1385 2222 contractus
1416 2181 1460 2222 in
1493 2181 1628 2221 astris.

371 2389 438 2424 225
467 2388 656 2434 qaudentes
684 2389 726 2424 in
756 2400 904 2434 aequore
929 2398 949 2424 Ο
977 2407 1020 2412 -
1048 2390 1114 2423 226
1150 2388 1193 2424 Vt
1215 2398 1238 2423 o
1267 2408 1308 2412 —-
1342 2389 1410 2423 228
1434 2388 1606 2433 positique
1629 2387 1704 2432 lgc
1731 2386 1900 2431 posidque
1922 2397 1960 2422 m

229 2453 394 2489 diuorum
412 2463 448 2488 m
475 2472 521 2477 -
547 2454 613 2488 229
640 2454 689 2488 leo
714 2453 867 2488 dumosis
885 2464 906 2489 o
931 2455 1086 2497 scorpius
1104 2463 1124 2488 ο
1153 2473 1193 2477 -
1223 2454 1287 2488 231
1316 2452 1522 2497 ambiyiiisl
1547 2452 1718 2496 ambianis
1734 2461 1773 2486 m
1793 2451 1852 2495 (E)
1884 2463 1957 2487 am-

230 2519 343 2564 biyius
365 2529 402 2553 ln
434 2519 493 2562 (L)
530 2539 572 2543 -
609 2520 676 2553 232
709 2519 865 2563 Parsque
895 2518 1039 2553 marina
1064 2529 1084 2553 o
1122 2521 1216 2554 tutas
1242 2529 1278 2553 111
1310 2518 1367 2561 (L)
1406 2505 1520 2553 tuteris
1544 2528 1581 2552 111
1612 2516 1672 2559 (Ε)
1710 2517 1839 2561 aquari
1862 2527 1962 2561 gom

231 2583 410 2627 aquariil
443 2603 485 2606 —
525 2584 591 2618 233
626 2586 729 2627 atque
762 2584 813 2618 illi
837 2593 857 2618 o
897 2584 1054 2628 degenere
1079 2594 1115 2618 111
1148 2583 1264 2628 clcqere
1289 2594 1316 2616 ω
1350 2603 1390 2606 —
1425 2584 1513 2617 ante
1548 2581 1615 2616 234
1654 2583 1728 2633 ρης
1756 2582 1910 2632 fecunda
1938 2592 1962 2626 g

233 2660 321 2693 quae
349 2649 508 2693 facunda
530 2649 725 2683 habeantur
751 2658 785 2682 111
825 2649 894 2683 234
916 2648 1048 2683 αηαείᾶ
1075 2658 1112 2683 [n
1142 2648 1196 2690 (in
1220 2658 1338 2692 marg.
1363 2648 1474 2689 corr.)
1501 2667 1542 2671 —-
1571 2648 1638 2682 235
1662 2647 1848 2691 quicquam
1871 2646 1962 2690 lgm

231 2709 408 2758 frustrane
424 2723 448 2758 g
464 2733 509 2736 ——
528 2714 594 2748 236
608 2713 777 2757 propriae
798 2732 839 2735 —
859 2713 925 2747 237
952 2713 1136 2756 Scorpibsl
1160 2713 1310 2756 scorpios
1324 2722 1393 2756 gn]
1415 2712 1570 2756 scorpius
1590 2721 1609 2746 0
1641 2731 1682 2734 —
1715 2713 1782 2746 238
1806 2711 1931 2755 simili-5
1951 2710 1964 2744 l

233 2778 358 2813 similis
375 2789 412 2813 m
437 2778 548 2813 simili
566 2788 618 2823 gc
646 2798 686 2802 ——
715 2780 781 2812 239
806 2776 1036 2822 eflllfunditl
1064 2780 1099 2812 et
1119 2777 1242 2822 fundit
1260 2787 1296 2812 m
1323 2777 1478 2822 effundit
1500 2786 1551 2820 gc
1580 2795 1621 2799 —
1649 2777 1717 2812 240
1742 2773 1891 2812 niixti’il
1919 2794 1961 2799 -

236 2844 297 2877 ‘241
329 2845 457 2878 cretato
476 2853 495 2878 0
524 2846 634 2878 creteo
651 2842 742 2886 lgm
770 2863 811 2867 —
840 2842 906 2877 242
935 2845 1088 2886 tempora
1107 2853 1144 2877 m
1177 2848 1328 2887 tempore
1346 2852 1372 2875 ω
1406 2861 1447 2864 ——
1483 2841 1550 2876 243
1585 2843 1730 2876 taurum
1750 2841 1837 2885 pari
1855 2850 1892 2875 m
1918 2862 1963 2866 —

237 2909 326 2943 ante
345 2908 412 2942 244
438 2909 510 2953 Qua
534 2908 719 2942 currentia
742 2912 804 2942 aut
831 2910 925 2942 recta
943 2918 967 2951 g
993 2918 1058 2958 qm}
1075 2908 1150 2942 sint
1163 2919 1189 2942 c.
1215 2917 1253 2942 m
1279 2909 1347 2942 244
1370 2917 1508 2941 necasse
1526 2916 1547 2941 o
1573 2902 1614 2930 —'
1640 2907 1706 2940 247
1733 2905 1906 2940 librentur
1922 2905 1964 2940 10

237 2974 414 3008 librantur
434 2983 502 3017 gn]
535 2973 684 3007 menbris
702 2972 747 3017 lg
770 2992 814 2995 —
840 2974 928 3007 ante
948 2974 1013 3007 249
1039 2984 1103 3016 que
1126 2972 1281 3007 sedentia
1299 2974 1365 3007 ant
1380 2971 1530 3007 iacentia·
1548 2980 1617 3012 ,9,’111
1650 2972 1715 3005 249
1743 2968 1811 3014 zell
1835 2980 1923 3014 qnae
1940 2969 1964 3005 1.

2081 276 2094 354 —4
2079 134 2095 258 ustum«

2089 508 2093 515 .
2079 366 2095 482 Νέδᾳ
