2106 3334
786 138 867 173 lber
915 141 937 175 1.
989 139 1185 172 «ΠΕ-705.
1781 138 1833 177 55

326 284 561 323 censentur.
626 280 762 321 minor
794 286 856 321 est
887 280 1066 331 numeri,
1100 294 1226 333 quani
1260 279 1442 320 cardinis
1477 292 1587 319 usus.

324 352 489 406 longior
520 351 561 391 in
597 351 778 405 spatium
811 355 1006 405 porrecta
1036 354 1098 391 est
1128 350 1241 390 linea
1275 350 1424 400 maius>

325 437 433 477 quae
465 421 599 462 tribus
631 422 811 462 emensis
844 421 975 475 signis
1007 421 1107 462 facit
1138 424 1252 462 astra
1283 420 1462 474 trigona.

324 493 428 534 haee
461 492 514 533 ad
547 493 753 534 amicitias
784 493 987 534 imitantis
1019 493 1112 534 iura
1143 492 1407 546 gradumque

253 580 304 605 680
324 563 542 618 sanguinis
573 567 699 618 atque
731 564 882 605 animis
913 563 1132 604 haerentia
1162 566 1335 617 pectora
1366 562 1536 602 ducunt.

324 638 453 689 utque
486 634 578 688 ipsa
608 648 658 675 ex
689 634 816 689 longo
849 638 1001 675 coeunt
1032 637 1242 674 summota
1274 646 1456 681 recessu,

326 705 383 746 sic
415 719 492 746 nos
525 705 786 760 coniungunt
819 704 1047 746 maioribus
1078 703 1325 744 interuallis.

324 776 429 816 haec
461 776 638 817 meliora
668 779 832 830 putant,
865 779 1028 816 mentes
1060 788 1168 829 quae
1201 775 1377 828 iungere
1409 775 1597 827 possunt,

325 860 452 901 quam
484 860 593 900 quae
625 860 709 887 non
742 859 974 900 numquam
1006 844 1155 886 foedus
1188 844 1265 885 sub
1299 843 1505 898 sanguine
1538 842 1702 882 fallunt.

254 932 305 958 685
325 917 518 971 proxima
548 917 699 957 uicinis
732 916 1003 958 subscribunt
1035 916 1159 956 tertia
1190 928 1382 970 quaeque

324 988 571 1043 hospitibus.
635 987 694 1028 sic
726 991 936 1029 astrorum
969 987 1209 1028 seruabitur
1241 985 1357 1026 ordo.

254 1073 304 1099 673
325 1059 528 1109 quotquot
558 1055 811 1098 cardinibus
841 1055 1045 1110 †proprie
1080 1054 1282 1097 zoariautc
1314 1056 1557 1096 mouentur.

394 1129 503 1170 adde
534 1143 632 1170 suas
663 1133 804 1184 partes
837 1129 983 1183 signis,
1015 1143 1092 1170 sua
1123 1127 1314 1183 partibus
1345 1130 1470 1167 astra.

325 1214 424 1240 nam
456 1200 561 1240 nihil
591 1200 634 1241 in
667 1203 800 1241 totum
834 1200 965 1241 seruit
996 1199 1092 1241 sibi:
1127 1199 1258 1239 mixta
1290 1197 1498 1247 feruntur,

324 1270 425 1326 ipsis
458 1271 560 1312 dant
590 1271 697 1312 fines
730 1272 853 1313 astris
886 1271 1143 1326 capiuntque
1176 1269 1376 1311 uicissim.

254 1358 307 1385 (590
326 1356 435 1397 quae
467 1342 570 1382 mihi
602 1356 700 1383 mox
733 1346 846 1383 certo
880 1342 1043 1396 digesta
1075 1341 1152 1382 sub
1186 1340 1333 1382 ordine
1366 1342 1552 1394 surgent.

326 1413 520 1454 omnibus
554 1427 605 1454 ex
637 1413 726 1454 istis
758 1413 865 1454 ratio
898 1417 962 1454 est
992 1411 1223 1467 repetenda
1255 1425 1331 1466 per
1362 1415 1512 1461 artem,

325 1488 477 1539 pacata
508 1483 672 1525 infestis
705 1484 826 1538 signa
859 1488 904 1524 ut
935 1483 1177 1524 discernere
1210 1482 1357 1537 possis.

326 1555 518 1610 perspice
550 1569 663 1596 nunc
694 1559 865 1596 tenuem
898 1555 993 1596 uisu
1024 1568 1128 1605 rem,
1161 1553 1348 1608 pondere
1381 1565 1580 1606 magnam

328 1630 368 1666 et
400 1630 563 1667 tantum
596 1625 727 1667 Graio
760 1626 919 1680 signari
951 1625 1122 1667 nomine
1154 1638 1339 1679 passam,

255 1712 307 1740 695
327 1697 669 1738 dodecatemoria
700 1698 742 1738 in
775 1697 895 1738 titulo
928 1696 1141 1751 signantia
1171 1708 1334 1736 causas.

328 1781 425 1808 nam
459 1781 554 1808 cum
586 1768 769 1809 tricenas
801 1781 877 1822 per
908 1770 1049 1822 partes
1083 1766 1223 1807 sidera
1254 1768 1459 1815 constent,

328 1853 473 1880 rursus
504 1839 569 1880 bis
600 1838 712 1880 senis
744 1852 946 1880 numerus
978 1837 1190 1878 diducitur
1222 1836 1370 1877 omnis.

325 1910 418 1965 ipsa
449 1910 579 1965 igitur
609 1910 716 1951 ratio
748 1910 870 1951 binas
903 1910 944 1951 in
977 1909 1169 1964 partibus
1203 1921 1294 1949 esse

328 1981 608 2035 dimidiasque
640 1981 762 2022 docet
794 1984 947 2035 partes.
1010 1980 1076 2021 his
1106 1979 1261 2020 finibus
1294 1991 1386 2019 esse

257 2069 310 2094 του
329 2052 698 2094 dodecatemorion
730 2055 908 2103 constat,
941 2051 1004 2092 bis
1038 2064 1224 2104 Senaque
1258 2052 1409 2090 cuncta

329 2122 525 2164 omnibus
556 2123 600 2164 in
631 2123 776 2178 signis,
809 2136 918 2177 quae
950 2122 1097 2163 mundi
1129 2120 1320 2162 conditor
1351 2120 1421 2161 ille

329 2194 521 2235 attribuit
552 2193 726 2235 totidem
759 2207 935 2234 numero
968 2192 1228 2247 fulgentibus
1260 2191 1397 2242 astris,

330 2269 376 2307 ut
407 2266 566 2307 sociata
596 2265 738 2306 forent
768 2265 932 2306 alterna
964 2263 1104 2305 sidera
1135 2266 1259 2314 sorte,

331 2341 373 2378 et
404 2336 552 2378 similis
584 2336 663 2378 sibi
694 2335 877 2377 mundus
911 2339 951 2376 et
983 2334 1126 2376 omnia
1156 2334 1200 2375 in
1233 2332 1428 2375 omnibus
1461 2335 1585 2382 astra,

259 2424 311 2449 τοῦ
332 2422 511 2464 quorum
543 2408 737 2449 mixturis
768 2411 936 2462 regeret
969 2405 1193 2448 concordia
1226 2418 1390 2460 corpuS,

263 2533 330 2567 678
362 2531 474 2567 tribus
504 2531 634 2566 mensis
657 2540 695 2565 m
729 2549 771 2554 —
805 2532 871 2565 679
902 2531 1081 2565 mutantes
1108 2538 1145 2563 m
1176 2527 1354 2562 imitantes
1376 2537 1404 2559 ω
1438 2546 1480 2549 -
1513 2527 1575 2561 681
1608 2524 1720 2567 Atque
1743 2533 1781 2558 111
1806 2534 1849 2557 ωε

121 2597 216 2642 longo
242 2596 333 2641 lgm
372 2596 449 2640 ipsa
479 2596 576 2640 longo
602 2605 622 2631 c
663 2595 726 2630 sub
757 2597 851 2630 mota
875 2594 933 2629 lm
976 2595 1150 2629 summota
1175 2602 1225 2637 ge
1258 2611 1300 2616 —
1334 2592 1400 2627 689
1434 2603 1476 2626 cae
1504 2590 1590 2635 ipsis
1620 2589 1708 2624 dant
1732 2597 1769 2622 m
1804 2609 1847 2614 —-

124 2663 191 2697 690
208 2673 289 2697 mom
306 2663 396 2697 certo
414 2671 486 2696 om.
506 2671 542 2695 m
567 2661 692 2705 spatio
710 2659 844 2695 relicto
863 2668 1003 2695 nouem
1018 2658 1234 2693 litterarum
1256 2676 1295 2680 —
1317 2657 1384 2691 692
1402 2657 1526 2700 pacata
1540 2654 1586 2698 lg
1602 2655 1764 2698 pacatam
1782 2661 1849 2687 mc

120 2727 264 2771 infestis
286 2736 310 2771 g
341 2726 481 2770 infectis
502 2725 543 2761 10
574 2725 734 2770 inferens
758 2735 794 2759 m
828 2725 887 2769 (ul
914 2734 964 2767 v2‚
998 2722 1063 2767 qui
1088 2722 1180 2757 hinc
1207 2721 1398 2757 consentit
1425 2730 1509 2756 eun]
1532 2719 1584 2761 111)
1613 2718 1802 2762 perdiscere
1827 2727 1848 2751 0

118 2792 230 2836 poscis
258 2801 321 2826 mc
350 2790 464 2834 possis
487 2790 533 2835 lg
571 2810 613 2814 —-
647 2790 742 2845 'ante
775 2789 842 2824 693
881 2788 921 2823 de
952 2787 1116 2823 duodecat
1145 2797 1189 2821 ne
1219 2786 1343 2822 moriis
1375 2797 1438 2830 que
1470 2785 1541 2820 sint
1572 2786 1607 2818 et
1636 2793 1722 2828 quas
1753 2781 1850 2817 uires

122 2856 249 2890 habent
269 2865 304 2890 m
340 2875 381 2879 —
419 2857 486 2890 694
516 2849 684 2900 signem-&l
711 2864 858 2898 passum
880 2853 893 2888 l
921 2852 1049 2896 (corr.)
1072 2862 1217 2896 passum
1235 2861 1273 2886 m
1305 2862 1445 2895 passam
1464 2860 1488 2894 g
1515 2869 1556 2873 »-
1590 2849 1657 2883 695
1683 2847 1852 2882 duodecat

124 2920 277 2956 hemoria
295 2920 308 2955 l
333 2919 497 2955 duodecat
513 2920 645 2955 emoria
662 2929 731 2963 gm
756 2919 795 2953 in
814 2918 930 2953 titulos
947 2927 968 2952 0
989 2936 1029 2940 —
1051 2918 1117 2952 696
1141 2910 1258 2961 partts
1276 2915 1289 2950 1
1309 2915 1427 2960 partis
1445 2924 1513 2959 gin
1535 2933 1579 2936 ——
1601 2914 1667 2948 699
1687 2916 1810 2957 partes
1827 2921 1848 2946 0

126 2985 214 3028 (om.
241 2995 274 3020 u.
301 2986 339 3029 g)
368 3005 408 3009 -
438 2985 505 3020 700
530 2983 864 3020 duodecatemorium
883 2992 903 3017 ο
930 2984 1125 3027 constante
1158 3000 1199 3005 -
1234 2982 1300 3016 702
1326 2979 1488 3015 muneris
1510 2978 1584 3023 lgc
1614 2987 1776 3013 numeros
1799 2986 1848 3011 m.
