2106 3334
216 101 298 142 134
863 98 974 133 Liber
1000 98 1042 133 V.
1095 99 1290 134 310-335.

352 257 404 284 :310
424 246 465 283 et
497 242 654 296 pariter
685 242 883 282 iuuenem
917 255 1149 296 somnoque
1183 256 1231 282 ae
1263 246 1396 283 morte
1429 243 1591 284 leuauit

424 316 522 353 tunc
555 312 707 352 iterum
742 316 886 352 natum
920 316 961 352 et
992 312 1078 352 fato
1112 327 1187 367 per
1219 313 1383 354 somnia
1415 318 1595 368 raptum.

422 387 464 424 at
496 397 591 423 cum
625 384 796 424 seeretis
828 383 1094 437 improuidus
1127 384 1288 425 haedus
1320 385 1360 425 in
1396 386 1518 426 astris

423 453 580 494 erranti
613 453 761 494 similis
792 453 971 494 fratrum
1005 454 1185 509 uestigia
1217 456 1381 510 quaerit

422 529 598 580 postque
631 539 804 579 gregem
835 525 961 579 longo
993 525 1239 580 producitur
1269 526 1508 577 interuallo,

352 611 403 637 315
423 596 603 637 sollertis
636 596 800 637 animos
831 596 1076 651 agitataque
1107 601 1278 651 pectora
1310 598 1352 638 in
1386 613 1485 638 usus

423 667 588 722 effingit
620 667 760 708 uarios
793 681 871 708 nec
903 667 1144 708 deficientia
1176 669 1286 709 euris

422 752 500 779 nec
533 742 732 779 contenta
762 738 907 789 domo3
940 739 1085 794 populi
1117 744 1215 780 sunt
1245 740 1316 781 illa
1348 741 1540 780 ministra

421 823 581 864 perque
613 810 885 863 magistratus
918 814 959 851 et
989 811 1160 865 publica
1191 810 1284 852 iura
1316 811 1522 852 feruntur.

422 895 505 921 non
539 881 610 922 illo
644 895 785 922 coram
819 881 972 936 digitos
1005 882 1262 936 quaesiuerit
1295 883 1429 934 hasta,

351 966 403 993 320
423 952 688 1007 defueritque
722 953 843 994 bonis
874 957 1025 1004 sector,
1058 968 1323 1008 poenamque
1357 955 1542 994 lucretur

422 1023 586 1076 noxius,
620 1028 661 1065 et
692 1025 871 1079 patriam
905 1025 1114 1066 fraudarit
1144 1026 1308 1067 debitor
1341 1026 1468 1076 aeris3

423 1096 616 1149 cognitor
648 1100 711 1137 est
741 1097 869 1138 urbis.
933 1111 1011 1138 nec
1043 1112 1125 1138 non
1158 1098 1325 1138 lasciuit
1357 1111 1523 1138 amores

422 1167 461 1207 in
496 1167 638 1208 uarios
669 1168 872 1223 ponitque
905 1168 1043 1209 forum
1077 1184 1154 1209 sua
1186 1169 1342 1223 datque
1374 1168 1535 1223 Lyaeo3

421 1238 588 1279 mobilis
619 1239 661 1278 in
695 1239 826 1280 saltus
859 1243 899 1280 et
931 1254 1082 1281 scenae
1115 1241 1281 1281 mollior
1312 1244 1440 1281 actor.

352 1322 403 1351 325
424 1308 520 1349 hinc
553 1314 753 1350 nascente
785 1311 876 1365 lyra
908 1326 1003 1351 cum
1036 1326 1134 1366 pars
1166 1312 1370 1352 uicesima
1402 1315 1520 1352 sexta

350 1395 401 1422 339
422 1380 636 1421 chelarum
670 1386 826 1435 surget,
860 1383 1087 1423 testudinis
1119 1387 1257 1423 enstat
1289 1382 1409 1423 uadis

350 1466 401 1492 326
422 1451 559 1492 forma
590 1466 665 1506 per
697 1452 897 1493 heredem
930 1457 1095 1494 tantum
1128 1458 1223 1508 post
1252 1453 1339 1494 fata
1371 1454 1573 1505 sonantis,

422 1537 506 1577 qua
538 1523 751 1577 quondam
785 1539 1065 1579 somnumque
1098 1525 1198 1566 feris
1232 1524 1441 1579 Oeagrius
1474 1524 1671 1579 Orpheus

422 1598 462 1634 et
494 1608 641 1635 sensus
674 1595 856 1649 scopulis
890 1600 930 1636 et
962 1596 1079 1637 siluis
1112 1596 1275 1637 addidit
1307 1610 1430 1637 aures

421 1670 462 1705 et
493 1665 583 1706 Diti
614 1666 810 1708 lacrimas
843 1672 884 1708 et
916 1669 1040 1709 morti
1073 1668 1255 1723 denique
1288 1668 1429 1708 finem.

349 1751 401 1777 330
421 1736 517 1776 hinc
552 1737 723 1779 uenient
754 1738 872 1780 uocis
905 1739 1023 1780 dotes
1058 1740 1324 1794 chordaeque
1357 1739 1557 1789 sonantis,

421 1809 677 1863 garrulaque
709 1810 752 1850 in
785 1811 977 1852 modulos
1010 1811 1180 1852 diuersa
1211 1812 1313 1852 tibia
1345 1810 1491 1856 forma,

422 1882 463 1918 et
495 1880 792 1935 quodcumque
826 1895 954 1922 manu
986 1883 1172 1937 loquitur
1203 1883 1390 1937 flatuque
1424 1886 1629 1922 mouetur.

421 1950 491 1990 ille
523 1951 640 1992 dabit
671 1957 818 1993 cantus
850 1953 960 1995 inter
992 1955 1190 1995 conuiuia
1223 1953 1356 1995 dulcis

422 2022 705 2077 mulcebitque
739 2039 839 2065 sono
873 2025 1089 2066 Bacchum
1122 2030 1373 2080 noctemque
1407 2025 1578 2066 tenebit.

350 2106 401 2134 335
422 2093 523 2147 quin
556 2094 683 2135 etiam
717 2110 839 2137 curas
872 2097 981 2138 inter
1014 2101 1176 2138 secreta
1207 2097 1396 2139 mouebit

353 2259 421 2292 310
447 2263 597 2303 sonoque
615 2270 639 2303 g
666 2283 709 2286 e-
737 2262 802 2295 311
823 2265 956 2296 mitem
983 2263 1140 2305 fatumo
1168 2282 1211 2285 —
1240 2262 1308 2296 312
1335 2263 1434 2296 adn]
1462 2242 1562 2306 091341
1592 2281 1630 2285 —-·
1661 2262 1728 2296 315
1753 2254 1938 2295 sollerti-31

209 2322 367 2358 sollertes
382 2333 401 2357 c
426 2325 638 2368 aqitaqzwm
659 2326 870 2369 pectorclm
895 2328 995 2370 fudit
1015 2337 1081 2371 pro
1100 2328 1139 2361 ὢν),
1156 2339 1242 2362 usus
1261 2337 1279 2361 c
1306 2346 1344 2349 ——
1372 2328 1439 2361 316
1463 2328 1604 2372 effinyit
1621 2337 1644 2370 g
1668 2330 1699 2361 et
1716 2327 1822 2370 firmil
1841 2336 1867 2357 ω
1894 2344 1936 2348 —

210 2388 277 2422 319
295 2386 385 2423 illo]
409 2389 471 2423 illo
486 2399 521 2423 n]
547 2391 621 2424 ullo
636 2400 688 2434 gc
713 2403 838 2426 curam
856 2401 876 2425 O
903 2393 1012 2436 dryite
1030 2401 1050 2425 0
1077 2404 1167 2436 quae
1184 2393 1319 2427 afuerit
1340 2402 1372 2426 m
1399 2393 1597 2436 quiue'uerz't
1616 2391 1629 2426 l
1653 2392 1715 2435 qm·
1731 2392 1867 2435 uiuerit
1885 2399 1936 2434 gc

209 2453 362 2497 hastaeg
372 2473 411 2476 —
423 2455 490 2489 320
504 2456 657 2499 defuerit
671 2456 766 2491 bonis
778 2466 866 2491 m*—
877 2457 944 2491 322
960 2458 1058 2492 urbis
1071 2468 1104 2492 m
1126 2458 1242 2492 uerbis·
1253 2468 1279 2489 ω
1295 2454 1448 2492 amoris}
1472 2459 1604 2492 amoris
1615 2467 1650 2491 m
1671 2457 1809 2491 amaris
1820 2465 1872 2499 gc
1894 2474 1934 2478 -

210 2519 278 2553 323
298 2514 502 2563 ponetque]
522 2523 751 2572 ponetquein
777 2523 948 2566 ponitque
966 2532 1018 2566 gc
1047 2535 1115 2557 sua
1141 2524 1264 2566 detque
1282 2533 1306 2567 g
1330 2523 1523 2566 suadetque
1541 2532 1567 2554 ω
1599 2545 1643 2548 —-
1677 2523 1745 2556 324
1770 2521 1898 2556 nobilis
1916 2529 1936 2554 0

675 2573 694 2591 ÷
709 2575 746 2591 lrc

208 2596 318 2651 §enei
343 2614 424 2637 seue
442 2612 465 2646 g
489 2605 586 2654 siene
605 2613 640 2637 m
668 2606 744 2639 arte
762 2603 774 2638 l
802 2606 853 2640 ire
874 2615 893 2639 c
920 2625 962 2628 —
990 2607 1057 2641 3⁶25
1082 2618 1176 2640 nunc
1198 2609 1342 2651 smyent
1365 2606 1500 2650 elyrate
1518 2606 1695 2640 stadiniso
1713 2607 1817 2640 natat
1837 2614 1872 2638 m
1892 2623 1934 2626 —

1456 2658 1479 2676 -Ι-
1490 2656 1648 2683 sonumque

211 2686 277 2720 326
292 2685 473 2729 prefatal
494 2686 604 2731 pfata
622 2696 645 2730 g·
667 2687 771 2733 solata,
790 2697 809 2722 c
828 2691 911 2732 post
936 2690 1018 2732 fata
1037 2699 1072 2722 m
1101 2690 1257 2724 tonantis
1275 2699 1294 2723 c
1314 2708 1355 2711 —
1375 2689 1440 2724 327
1459 2689 1648 2732 εοηῖίανηρ.
1668 2687 1681 2722 l
1703 2689 1892 2731 sonitumq.
1912 2697 1936 2730 g

209 2761 401 2794 sonumque
418 2760 437 2785 c
462 2763 693 2795 somnumque
712 2762 746 2787 m
773 2772 814 2776 —
841 2754 909 2788 328
926 2765 1048 2788 sensus
1065 2766 1082 2788 8
1101 2763 1144 2788 ex
1164 2766 1181 2788 c
1200 2763 1291 2788 corr.
1311 2763 1348 2787 m
1374 2755 1492 2789 adz'dztt
1510 2764 1547 2788 m
1566 2753 1623 2796 (L)
1650 2772 1689 2776 —-
1715 2754 1783 2788 329
1810 2753 1881 2787 dici
1898 2762 1935 2787 m

1435 2807 1459 2826 -ὓ,
1470 2802 1598 2825 sonantis

212 2833 362 2876 deneque
377 2843 414 2868 ln
427 2833 483 2877 (L)
509 2856 552 2860 ——
578 2835 646 2868 330
670 2846 768 2869 uoces
782 2845 802 2870 Ο
829 2837 919 2871 dotis
935 2846 955 2871 0
980 2837 1170 2880 boreaeque
1183 2846 1220 2871 m
1245 2837 1431 2880 boreaeque
1449 2847 1475 2869 ω
1499 2838 1609 2871 soniis
1626 2836 1639 2870 l
1658 2856 1700 2859 —
1720 2837 1785 2871 331
1801 2847 1932 2881 yarru-

213 2897 312 2941 laque
337 2899 496 2934 modulos
512 2898 570 2934 lm
593 2900 746 2943 qam-ula
771 2912 860 2943 quae
886 2913 930 2935 m.
951 2912 1003 2944 gc
1026 2920 1070 2924 -—
1095 2902 1164 2936 333
1189 2902 1303 2936 (Iuleis
1321 2910 1340 2934 0
1366 2920 1406 2924 —-
1434 2902 1502 2936 334
1525 2903 1601 2936 sine
1619 2911 1639 2936 c
1663 2904 1844 2945 noctesque
1861 2901 1933 2946 lge

210 2965 410 3006 noctemque
427 2973 475 2997 m.
