2106 3334
173 100 252 140 146
817 99 928 135 Liber
954 99 995 135 V.
1046 102 1242 137 645—671.

308 257 360 284 645
380 241 559 291 nouerit,
592 241 800 283 humanos
833 245 875 282 et
904 256 1012 297 quae
1045 247 1273 284 nascantur
1304 244 1358 285 ad
1390 258 1502 286 usus.

307 328 360 354 040
378 313 478 353 nixa
509 325 621 367 genu
653 313 815 367 species
847 317 888 354 et
920 312 1051 354 Graio
1083 315 1256 355 nomine
1288 315 1399 356 dicta

278 400 280 404 ’
307 398 359 426 648
379 383 527 424 dextra
558 397 634 437 per
665 387 876 424 extremos
909 384 1062 425 attollit
1092 385 1254 426 lumina
1285 387 1435 441 pisces.
1488 387 1492 391 “

377 454 475 495 hinc
507 453 609 508 fuga
641 458 904 508 nascentum,
937 455 1058 496 dolus
1090 456 1354 511 insidiaeque
1387 461 1599 510 creantur,

306 541 359 568 050
379 528 677 580 grassatorque
710 526 827 567 uenit
857 526 1041 567 mediam
1075 527 1328 568 metuendus
1359 528 1402 569 in
1435 529 1598 570 urbem.

377 600 418 637 et
450 596 485 637 si
516 596 624 637 forte
657 597 820 652 aliquas
853 598 1020 639 animus
1054 602 1281 653 consurget
1312 599 1354 640 in
1386 604 1511 652 artes,

376 667 418 708 in
451 671 681 723 praerupta
713 668 829 709 dabit
861 669 1047 710 studium
1080 670 1322 725 uendetque
1354 671 1512 726 periclo

375 738 608 793 ingenium,
642 753 691 780 ac
723 740 866 781 tenuis
900 755 1027 782 ausus
1060 741 1150 782 sine
1182 741 1315 782 limite
1347 756 1516 796 gressus

376 814 491 851 certa
521 824 598 865 per
630 814 820 852 extentos
852 816 981 866 ponet
1012 812 1194 867 uestigia
1226 813 1349 854 funes

303 905 355 932 655
375 886 416 923 et
448 882 552 923 caeli
584 882 811 924 meditatus
843 883 923 924 iter
956 883 1136 939 uestigia
1166 883 1315 939 perdet

376 969 512 1010 paene
544 969 621 996 sua
652 959 693 995 et
723 954 914 1010 pendens
946 955 1149 1010 populum
1182 955 1412 1010 suspendet
1443 956 1495 997 ab
1528 956 1632 1010 ipso.

372 1027 498 1067 laeua
529 1027 607 1068 sub
640 1027 839 1067 extremis
871 1031 1132 1081 consurgunt
1165 1027 1304 1068 sidera
1336 1027 1415 1068 ceti

374 1098 559 1153 piscibus
591 1098 911 1139 Andromedam
943 1102 1072 1152 ponto
1106 1099 1310 1153 caeloque
1342 1099 1568 1153 sequentis.

373 1169 452 1210 hoc
486 1169 616 1210 trahit
646 1169 689 1210 in
722 1170 862 1224 pelagi
896 1169 1047 1210 caedes
1080 1173 1121 1210 et
1152 1171 1331 1211 uulnera
1363 1174 1484 1211 natos

300 1256 354 1282 060
373 1241 632 1295 squamigeri
665 1241 824 1295 gregis:
860 1241 1039 1281 extentis
1072 1241 1274 1296 laqueare
1306 1241 1565 1296 profundum

373 1312 533 1352 retibus
566 1315 607 1352 et
637 1315 815 1367 pontum
847 1311 999 1353 uinclis
1032 1325 1200 1353 armare
1232 1312 1456 1353 furentem.

373 1386 414 1423 et
445 1383 564 1423 uelut
594 1383 637 1423 in
669 1383 766 1424 laxo
800 1396 972 1424 securas
1003 1396 1189 1437 aequore
1221 1383 1380 1438 phocas

374 1453 614 1495 carceribus
645 1454 844 1495 claudent
876 1454 985 1495 raris
1017 1458 1059 1494 et
1091 1454 1294 1509 compede
1327 1458 1508 1496 nectent.

372 1524 649 1580 incautosque
680 1525 850 1566 trahent
881 1525 1120 1566 facularum
1152 1525 1314 1566 lumine
1346 1526 1549 1581 thynnos,

300 1611 352 1638 665
372 1610 450 1637 nec
483 1596 646 1651 cepisse
678 1600 743 1638 sat
774 1601 855 1648 est3
888 1597 1103 1638 luctantur
1135 1610 1314 1651 corpora
1346 1597 1468 1637 nodis

373 1671 703 1722 exspectantque
736 1682 871 1709 nouas
903 1668 1016 1709 acies
1048 1668 1247 1722 ferroque
1279 1672 1498 1720 necantur,

370 1739 640 1794 inficiturque
673 1753 748 1780 suo
780 1740 1014 1794 permixtus
1048 1738 1255 1794 sanguine
1286 1742 1454 1793 pontus.

370 1815 460 1851 tum
494 1824 674 1865 quoque,
709 1825 805 1851 cum
838 1814 924 1852 toto
956 1811 1180 1851 iacuerunt
1211 1810 1333 1851 litore
1364 1810 1561 1865 praedae,

372 1881 505 1922 altera
537 1881 584 1922 fit
616 1881 757 1923 caedis
791 1882 961 1933 caedes3
995 1882 1245 1923 scinduntur
1276 1882 1319 1923 in
1353 1886 1468 1923 artus

299 1967 351 1995 670
371 1966 563 2008 corpora,
596 1956 637 1993 et
668 1967 719 1993 ex
752 1967 835 1995 uno
868 1954 1013 1994 uarius
1045 1953 1289 1994 discribitur
1319 1967 1432 1993 usus.

370 2024 442 2064 illa
474 2023 582 2065 datis
615 2024 764 2066 melior
797 2025 908 2066 sucis
940 2039 1050 2080 pars,
1084 2024 1157 2065 illa
1189 2024 1381 2075 retentis3

299 2172 366 2206 645
393 2170 548 2206 humano
573 2171 631 2206 sed
650 2181 670 2207 ο
696 2172 780 2216 qual
796 2182 833 2207 n]
859 2184 945 2217 quae
963 2183 990 2205 ω
1013 2173 1206 2207 mscentur
1224 2182 1245 2206 o
1270 2171 1317 2207 acl
1341 2182 1408 2206 usu
1427 2181 1446 2206 c
1466 2191 1507 2194 —
1527 2172 1594 2206 646
1618 2175 1651 2206 et
1669 2180 1690 2205 0
1709 2190 1751 2194 —
1770 2173 1837 2208 647
1862 2175 1894 2206 et

157 2246 269 2270 comas
280 2235 293 2270 l
303 2246 354 2279 gc
380 2238 415 2270 et
423 2247 529 2280 qonas
542 2246 578 2271 ln
604 2237 783 2281 inquicuza
797 2237 855 2272 lm
879 2237 1053 2282 inquicola
1068 2246 1119 2281 gc
1143 2236 1242 2272 uides
1257 2246 1278 2271 o
1300 2237 1362 2271 sub
1375 2236 1509 2282 origiue
1521 2238 1687 2271 coustato
1703 2235 1891 2276 (scholion

158 2310 292 2335 versus
319 2301 444 2337 instar
471 2301 672 2346 scriptum)
701 2321 743 2326 —-
771 2304 839 2338 649
864 2297 1037 2338 creaturi
1062 2303 1205 2337 creatur
1223 2312 1259 2337 in
1286 2303 1453 2337 creantur
1471 2311 1525 2345 gc
1552 2320 1592 2324 -—
1614 2302 1682 2336 650
1701 2301 1851 2336 mediam
1871 2311 1892 2335 o

158 2371 304 2408 brbeml
341 2371 455 2406 orbem
474 2382 509 2407 n]
547 2392 587 2396 -—
625 2375 690 2408 651
718 2374 837 2408 (mimo
856 2383 875 2408 c
915 2375 1058 2408 animus
1082 2384 1109 2406 ω
1133 2355 1185 2409 cg?
1203 2374 1316 2419 sumit
1339 2373 1351 2408 l
1389 2373 1547 2417 esrsuossqit
1570 2382 1593 2414 g·
1626 2372 1805 2417 consurgit
1827 2382 1890 2407 cn]

155 2430 279 2471 artis]
305 2439 398 2471 artes
416 2447 435 2472 c
460 2438 551 2472 artis
569 2447 637 2481 gni
672 2457 714 2461 ——
747 2440 816 2474 652
841 2434 1062 2483 ‘uiiszcdetquel
1092 2440 1276 2484 uincetque
1294 2448 1346 2483 gc
1376 2437 1566 2481 uincletque
1585 2447 1619 2472 m
1649 2457 1692 2460 —
1719 2438 1788 2473 653
1812 2448 1853 2472 ac
1871 2447 1891 2471 o

157 2494 303 2537 tenu‘isl
328 2504 447 2537 tenues
461 2513 479 2538 c
502 2521 542 2527 --
562 2504 630 2537 654
646 2503 815 2538 emtiuctos
829 2512 850 2537 o
868 2503 974 2548 pom't
988 2514 1009 2539 o
1030 2504 1139 2548 funes
1152 2504 1198 2548 lg
1217 2503 1307 2547 fines
1321 2513 1386 2538 cm
1406 2522 1448 2525 —
1467 2504 1536 2537 655
1554 2501 1731 2536 mediatus
1747 2503 1840 2537 iuter
1854 2512 1891 2536 ln

154 2567 276 2610 perdet
298 2577 319 2601 o
359 2587 401 2591 —
440 2569 508 2602 656
539 2569 573 2602 et
595 2578 734 2611 peueua
766 2571 797 2603 et
821 2578 842 2603 o
882 2569 929 2612 (et
952 2567 1077 2613 penell',
1106 2568 1303 2613 dependens
1325 2568 1387 2613 112)
1420 2566 1587 2611 poi-ulum
1619 2577 1640 2602 o
1676 2560 1892 2611 suspeud‘itl

155 2632 338 2677 suspendit
353 2643 377 2676 g
399 2632 582 2677 suspendet
601 2642 664 2667 cin
688 2632 765 2676 ipsa
783 2643 804 2668 o
825 2652 866 2656 —
886 2635 952 2669 657
972 2635 1122 2669 emm-emi
1140 2643 1160 2668 o
1186 2656 1229 2660 —
1251 2635 1319 2669 659
1336 2633 1430 2668 cedes
1443 2642 1463 2667 o
1488 2619 1637 2675 {ulnera
1655 2631 1669 2666 1
1691 2632 1838 2667 bulucra
1854 2642 1890 2666 ln

156 2700 253 2732 notos
276 2708 296 2732 o
323 2717 365 2720 —
393 2699 460 2733 661
487 2702 681 2741 sequentem
701 2708 719 2732 c
745 2717 790 2721 —
817 2700 885 2734 662
909 2699 1006 2743 focas
1023 2698 1065 2734 lc
1090 2718 1132 2722 —
1158 2700 1226 2734 663
1251 2698 1450 2733 claudeuto
1474 2700 1619 2733 nectant
1634 2697 1690 2732 lm
1718 2699 1855 2732 nexant
1871 2706 1889 2731 c

156 2765 294 2797 nectent
307 2773 331 2806 g
350 2782 391 2785 —
411 2764 480 2798 664
500 2759 641 2797 trahe'tl
666 2758 892 2799 wigularmnl
918 2764 1116 2799 meularum
1132 2774 1168 2798 ln
1192 2764 1410 2798 umculurum
1427 2773 1477 2807 gc
1501 2762 1671 2799 ubmz'uel
1695 2762 1839 2797 nomine
1853 2772 1887 2796 n]

156 2827 303 2862 numine
321 2838 372 2871 gc
400 2828 540 2862 thiuuos
558 2837 578 2862 0
604 2847 646 2850 —
671 2829 739 2863 665
757 2828 851 2863 uobis
869 2839 888 2863 c
914 2848 955 2852 -
980 2830 1048 2864 666
1066 2833 1312 2873 empectautque
1330 2838 1350 2862 o
1377 2847 1419 2851 ——
1445 2829 1511 2864 667
1534 2827 1680 2872 sauyuie
1698 2837 1734 2861 ln
1753 2822 1890 2871 pb¹tusl

151 2894 257 2936 potus
274 2902 311 2926 in
337 2911 381 2915 —
408 2894 476 2928 668
504 2894 613 2927 totum
639 2903 769 2936 quoque
787 2893 845 2928 lm
874 2896 983 2929 totum
1008 2905 1085 2929 cum
1114 2896 1180 2929 toto
1198 2903 1251 2937 gc
1276 2912 1315 2917 -
1344 2894 1411 2928 669
1436 2893 1557 2927 Altera
1579 2881 1615 2905 δὴ
1633 2891 1755 2942 cedisl
1779 2891 1890 2926 altera

154 2956 205 2991 sic
228 2957 342 2991 caedis
359 2968 395 2992 n]
423 2976 464 2980 ——
492 2958 560 2994 6ῖο
586 2969 732 3002 corpora
752 2968 772 2992 o
798 2958 1002 2993 discribitur
1020 2969 1058 2993 ln
1083 2957 1293 2993 describitur
1311 2969 1339 2990 ω
1366 2977 1409 2981 -
1436 2959 1503 2993 671
1530 2956 1677 2992 recentis
1693 2955 1763 2991 lm.

2088 153 2099 183 -u
