2106 3334
731 124 842 159 Liber
870 125 909 159 ll.
961 126 1156 161 253—281.
1747 135 1794 172 41

295 282 457 321 quaeue
491 267 646 308 iacent:
682 281 834 308 cancer
865 269 1053 322 patulam
1088 269 1294 310 distentus
1327 271 1369 311 in
1403 271 1560 323 aluum,

294 339 480 392 scorpios
511 339 760 379 incumbens
792 339 918 393 plano
952 340 1029 380 sub
1062 344 1230 395 pectore
1262 345 1415 393 terrae,

223 424 274 451 255
295 410 336 449 in
368 409 476 450 latus
509 409 666 463 obliqui
699 410 834 464 pisces
867 424 1117 466 semperque
1147 412 1345 453 iacentes.

362 480 509 534 quodsi
542 480 701 521 sollerti
734 480 1022 536 circumspicis
1055 483 1196 523 omnia
1228 497 1341 534 cura,

294 551 490 591 fraudata
522 551 712 592 inuenies
744 552 909 592 amissis
941 553 1080 593 sidera
1111 554 1325 594 membris.

292 621 476 676 scorpios
508 622 550 662 in
584 623 691 663 libra
723 624 933 664 consumit
964 624 1175 675 bracchia,
1208 628 1353 665 taurus

295 693 471 733 succidit
502 693 543 733 in
577 707 705 733 curuo
740 694 914 734 claudus
946 694 1065 748 pede,
1100 694 1261 735 lumina
1294 709 1444 736 cancro

225 779 276 804 :3650
297 764 459 812 desunt,
494 768 694 805 centauro
728 768 919 818 superest
950 769 990 805 et
1022 766 1240 819 quaeritur
1272 780 1415 806 unum.

296 835 353 875 sic
388 838 550 875 nostros
584 848 705 875 casus
738 835 899 875 solatur
930 836 1113 876 mundus
1144 837 1186 876 in
1221 837 1344 877 astris

296 905 573 959 exemploque
605 905 727 945 docet
758 905 968 959 patienter
999 906 1154 947 damna
1186 907 1340 957 subire7

296 977 431 1016 omnis
464 990 559 1016 cum
593 977 707 1016 caelo
740 976 934 1017 fortunae
966 977 1150 1031 pendeat
1179 978 1295 1030 ordo,

294 1047 470 1101 ipsaque
503 1047 711 1088 debilibus
743 1047 980 1088 formentur
1012 1049 1151 1090 sidera
1183 1050 1397 1090 membris.

225 1134 276 1159 265
367 1119 625 1173 temporibus
659 1133 824 1173 quoque
858 1124 954 1160 sunt
986 1121 1165 1175 propriis
1197 1121 1399 1175 pollentia
1431 1122 1570 1174 signa:

297 1193 435 1230 aestas
467 1204 491 1230 a
522 1190 716 1244 geminis,
750 1194 979 1231 autumnus
1010 1191 1176 1246 uirgine
1209 1191 1356 1245 surgit,

297 1261 448 1301 bruma
480 1261 727 1315 sagittifero,
763 1275 838 1302 uer
869 1262 1053 1317 piscibus
1086 1263 1234 1317 incipit
1266 1277 1369 1303 esse.

297 1335 495 1386 quattuor
525 1332 569 1372 in
601 1336 742 1386 partes
775 1333 1017 1373 scribuntur
1048 1333 1187 1374 sidera
1219 1338 1352 1381 terna,

298 1402 475 1443 hiberna
508 1404 692 1456 aestiuis,
726 1404 940 1445 autumnis
972 1418 1105 1445 uerna
1136 1409 1387 1459 repugnant.

228 1487 279 1515 270
369 1487 446 1514 nec
479 1473 579 1514 satis
612 1478 674 1514 est
705 1475 898 1529 proprias
931 1475 1149 1529 signorum
1181 1489 1357 1516 noscere
1389 1475 1566 1527 formas3

298 1559 505 1585 consensu
537 1559 704 1599 quoque
736 1545 824 1586 fata
857 1550 1029 1587 mouent
1062 1550 1103 1587 et
1132 1546 1305 1587 foedere
1339 1547 1526 1601 gaudent

300 1619 426 1670 atque
459 1616 551 1656 aliis
583 1616 690 1656 aliae
723 1617 954 1657 succedunt
986 1621 1097 1658 sorte
1129 1617 1319 1671 locoque.

301 1687 483 1728 circulus
515 1691 561 1727 ut
591 1687 699 1728 flexo
732 1688 949 1742 signorum
983 1688 1194 1729 clauditur
1226 1689 1340 1740 orbe,

300 1758 343 1798 in
375 1758 449 1799 tris
481 1757 671 1812 aequalis
703 1758 901 1799 discurrit
931 1759 1046 1800 linea
1078 1759 1229 1800 ductus

229 1844 280 1870 275
300 1829 427 1883 inque
460 1828 597 1869 uicem
630 1830 829 1870 extremis
860 1830 998 1884 iung1t
1029 1844 1073 1870 se
1103 1829 1259 1871 finibus
1291 1830 1394 1885 ipsa,

301 1904 342 1940 et
374 1914 666 1954 quaecumque
698 1901 810 1951 ferit,
844 1901 1041 1942 dicuntur
1074 1901 1197 1955 signa
1228 1902 1409 1956 trigona,

301 1971 344 2010 in
376 1971 457 2011 tria
488 1972 668 2025 partitus
701 1972 813 2025 quod
844 1976 908 2012 ter
939 1972 1052 2013 cadit
1083 1972 1264 2027 angulus
1297 1976 1424 2025 astra,

302 2056 411 2096 quae
443 2042 579 2083 diuisa
610 2047 783 2083 manent
815 2043 945 2084 ternis
976 2043 1177 2084 distantia
1208 2043 1353 2097 signis.

302 2112 467 2167 laniger
499 2127 549 2154 ex
580 2114 754 2168 paribus
787 2114 932 2168 spatiis
965 2114 1047 2155 duo
1081 2115 1216 2169 signa,
1249 2115 1383 2155 leonis

232 2199 283 2226 280
303 2188 429 2238 atque
462 2185 665 2239 sagittari,
699 2185 868 2226 diuerso
901 2186 1106 2240 conspicit
1138 2189 1244 2226 ortu.

300 2255 478 2309 uirginis
511 2260 552 2297 et
582 2256 693 2297 tauri
725 2256 971 2310 capricorno
1005 2260 1210 2297 consonat
1241 2260 1413 2297 astrum.

1632 2359 1705 2379 4001·
1728 2362 1775 2379 ΟΥΕ

236 2392 303 2425 253
317 2392 519 2426 contratiae
529 2392 559 2425 ὥ
572 2402 596 2435 g
607 2396 731 2426 contra
744 2392 831 2425 iacet
842 2402 868 2423 ω
884 2410 929 2414 -
944 2392 1010 2426 254
1025 2389 1203 2435 scorpiosl
1217 2390 1373 2434 scorpius
1384 2400 1403 2425 c
1415 2391 1567 2434 scorpios
1578 2401 1639 2435 gm
1650 2363 1786 2435 peciore
1799 2400 1822 2434 g

95 2466 235 2500 corpore
260 2467 286 2488 ω
321 2476 362 2479 —
397 2458 464 2490 255
490 2455 634 2500 obliquis
658 2456 699 2490 lc
731 2478 774 2481 —-
808 2457 897 2490 ante
922 2458 989 2490 256
1016 2467 1102 2500 quae
1125 2455 1199 2490 siut
1223 2455 1349 2490 debilia
1372 2465 1441 2499 gm
1481 2455 1547 2490 256
1578 2455 1706 2490 sollerti
1730 2464 1751 2489 o
1778 2477 1821 2481 —

96 2522 162 2555 -257
195 2521 349 2555 menbris
372 2521 417 2565 gl
444 2540 485 2544 *-
520 2522 587 2555 258
612 2522 759 2564 scorpios
784 2530 804 2555 o
837 2543 879 2546 κ-
913 2522 980 2555 ⁴259
1006 2517 1072 2565 fade
1093 2520 1153 2555 lm
1183 2520 1267 2564 pede
1291 2531 1318 2552 ω
1355 2520 1508 2555 succedit
1530 2529 1549 2554 c
1582 2520 1702 2554 cancri
1726 2529 1746 2554 o
1779 2539 1822 2543 —

96 2587 165 2621 260
189 2587 274 2620 uriu
293 2596 330 2620 m
353 2606 398 2611 —-
423 2588 487 2621 261
515 2588 633 2620 nostro
651 2596 687 2620 m
713 2604 755 2608 -
781 2586 847 2619 262
868 2585 1060 2628 pacientur
1078 2595 1116 2620 m
1141 2585 1258 2628 dapna
1276 2595 1313 2619 m
1339 2603 1380 2607 —
1404 2586 1470 2619 :264
1496 2584 1650 2620 menbris
1667 2584 1756 2628 glm
1778 2604 1823 2643 -ἰ-

97 2652 185 2686 ante
204 2652 270 2685 265
295 2662 383 2695 quae
404 2651 566 2686 uerualiu
582 2650 766 2685 aestiualiu
787 2650 1011 2684 autumnalia
1029 2650 1193 2684 hiemalia
1210 2660 1234 2693 g
1260 2659 1297 2684 m
1322 2649 1511 2693 (esstualia)
1532 2668 1574 2672 —
1599 2650 1665 2683 267
1683 2649 1822 2693 sayiltclz-

95 2716 172 2760 fero
195 2716 208 2751 l
238 2716 300 2751 uir
323 2726 359 2750 m
387 2734 429 2740 —-
457 2717 524 2751 268
550 2720 667 2759 partes
689 2715 702 2749 1
731 2711 846 2759 parffs
870 2725 894 2758 g
914 2715 1031 2759 partis
1054 2724 1092 2749 m
1120 2716 1208 2749 terre
1234 2714 1289 2748 lm
1317 2734 1359 2737 —
1386 2714 1475 2748 ante
1500 2715 1568 2749 270
1592 2725 1679 2757 quae
1703 2725 1825 2748 eorum

99 2780 224 2816 deaetra
240 2783 307 2816 aut
320 2781 468 2816 sinistra
487 2791 511 2825 g
535 2792 620 2825 quae
637 2782 741 2833 caula
757 2782 790 2814 et
805 2791 925 2815 eorum
943 2790 1008 2813 uas
1026 2789 1061 2814 m
1082 2798 1123 2803 —
1145 2781 1211 2814 272
1237 2779 1305 2813 alie
1323 2789 1360 2813 m
1385 2779 1475 2813 aliae
1493 2778 1565 2822 gol
1580 2764 1684 2812 *sforte
1707 2788 1761 2822 gc
1780 2798 1823 2802 —

100 2846 167 2881 273
198 2846 321 2881 dextro
345 2855 366 2880 o
407 2866 446 2868 —
486 2847 554 2880 274
586 2834 651 2880 tris
681 2839 835 2889 aequalis
858 2844 869 2878 l
905 2846 974 2879 tres
997 2854 1017 2878 c
1051 2844 1116 2878 tris
1146 2844 1299 2887 aequalis
1322 2853 1392 2887 gm
1432 2862 1474 2866 —
1511 2844 1576 2877 277
1606 2843 1763 2888 partitus
1787 2854 1823 2878 m

101 2911 258 2956 partitur
280 2922 307 2943 ω
340 2930 382 2934 -
416 2912 482 2945 279
510 2910 646 2955 laniger
671 2912 704 2944 et
726 2919 746 2944 o
781 2929 821 2932 κ
856 2910 925 2944 280
956 2908 1133 2953 saqittaru·
1156 2908 1245 2953 lgm
1277 2908 1440 2952 conspicit
1468 2908 1512 2951 lg
1542 2909 1676 2951 conspic
1700 2918 1737 2944 m
1766 2908 1824 2951 (L)

101 2976 189 3019 cepio
207 2986 238 3011 c.
