<?xml version="1.0" encoding="UTF-8"?>
<!DOCTYPE html PUBLIC "-//W3C//DTD XHTML 1.0 Transitional//EN"
    "http://www.w3.org/TR/xhtml1/DTD/xhtml1-transitional.dtd">
<html xmlns="http://www.w3.org/1999/xhtml" xml:lang="en" lang="en">
 <head>
  <title>
</title>
<meta http-equiv="Content-Type" content="text/html;charset=utf-8" />
  <meta name='ocr-system' content='tesseract 3.04.00' />
  <meta name='ocr-capabilities' content='ocr_page ocr_carea ocr_par ocr_line ocrx_word'/>
</head>
<body>
  <div class='ocr_page' id='page_1' title='image "astronomicahrsgv00maniuoft_0085.png"; bbox 0 0 2106 3334; ppageno 0'>
   <div class='ocr_carea' id='block_1_1' title="bbox 780 71 1856 114">
    <p class='ocr_par' dir='ltr' id='par_1_1' title="bbox 780 71 1856 114">
     <span class='ocr_line' id='line_1_1' title="bbox 780 71 1856 114; baseline 0.006 -6"><span class='ocrx_word' id='word_1_1' title='bbox 780 71 890 108; x_wconf 84' lang='lat' dir='ltr'>Liber</span> <span class='ocrx_word' id='word_1_2' title='bbox 919 71 978 108; x_wconf 57' lang='grc' dir='ltr'>ΙΙ.ζ</span> <span class='ocrx_word' id='word_1_3' title='bbox 1000 71 1212 107; x_wconf 75' lang='grc' dir='ltr'><strong>”921-95Ο.</strong></span> <span class='ocrx_word' id='word_1_4' title='bbox 1803 74 1856 114; x_wconf 82' lang='grc'>63</span> 
     </span>
    </p>
   </div>
   <div class='ocr_carea' id='block_1_2' title="bbox 271 213 1729 2325">
    <p class='ocr_par' dir='ltr' id='par_1_2' title="bbox 271 213 1729 2325">
     <span class='ocr_line' id='line_1_2' title="bbox 343 213 1509 272; baseline -0.004 -13"><span class='ocrx_word' id='word_1_5' title='bbox 343 217 690 272; x_wconf 78' lang='lat' dir='ltr'>suspenduntque</span> <span class='ocrx_word' id='word_1_6' title='bbox 724 230 798 257; x_wconf 90' lang='lat' dir='ltr'>suo</span> <span class='ocrx_word' id='word_1_7' title='bbox 832 215 1029 256; x_wconf 86' lang='lat' dir='ltr'>libratum</span> <span class='ocrx_word' id='word_1_8' title='bbox 1063 214 1257 255; x_wconf 83' lang='lat' dir='ltr'>examine</span> <span class='ocrx_word' id='word_1_9' title='bbox 1291 213 1509 261; x_wconf 69' lang='lat' dir='ltr'>mundum,</span> 
     </span>
     <span class='ocr_line' id='line_1_3' title="bbox 344 284 1442 341; baseline -0.004 -12"><span class='ocrx_word' id='word_1_10' title='bbox 344 288 493 329; x_wconf 81' lang='lat' dir='ltr'>asserit</span> <span class='ocrx_word' id='word_1_11' title='bbox 524 288 632 328; x_wconf 90' lang='lat' dir='ltr'>hanc</span> <span class='ocrx_word' id='word_1_12' title='bbox 667 286 876 341; x_wconf 80' lang='lat' dir='ltr'>Cytherea</span> <span class='ocrx_word' id='word_1_13' title='bbox 909 285 988 326; x_wconf 89' lang='lat' dir='ltr'>sibi</span> <span class='ocrx_word' id='word_1_14' title='bbox 1019 299 1095 339; x_wconf 90' lang='lat' dir='ltr'>per</span> <span class='ocrx_word' id='word_1_15' title='bbox 1126 285 1265 326; x_wconf 85' lang='lat' dir='ltr'>sidera</span> <span class='ocrx_word' id='word_1_16' title='bbox 1297 284 1442 326; x_wconf 87' lang='lat' dir='ltr'>sedem</span> 
     </span>
     <span class='ocr_line' id='line_1_4' title="bbox 343 356 1345 408; baseline -0.003 -9"><span class='ocrx_word' id='word_1_17' title='bbox 343 363 384 399; x_wconf 89' lang='lat' dir='ltr'>et</span> <span class='ocrx_word' id='word_1_18' title='bbox 417 359 548 399; x_wconf 86' lang='lat' dir='ltr'>ueluti</span> <span class='ocrx_word' id='word_1_19' title='bbox 579 357 733 399; x_wconf 87' lang='lat' dir='ltr'>faciem</span> <span class='ocrx_word' id='word_1_20' title='bbox 764 356 911 397; x_wconf 89' lang='lat' dir='ltr'>mundi</span> <span class='ocrx_word' id='word_1_21' title='bbox 943 370 1019 396; x_wconf 85' lang='lat' dir='ltr'>sua</span> <span class='ocrx_word' id='word_1_22' title='bbox 1051 356 1229 397; x_wconf 87' lang='lat' dir='ltr'>collocat</span> <span class='ocrx_word' id='word_1_23' title='bbox 1259 369 1345 408; x_wconf 85' lang='lat' dir='ltr'>ora,</span> 
     </span>
     <span class='ocr_line' id='line_1_5' title="bbox 342 426 1729 483; baseline -0.001 -14"><span class='ocrx_word' id='word_1_24' title='bbox 342 442 417 483; x_wconf 84' lang='lat' dir='ltr'>per</span> <span class='ocrx_word' id='word_1_25' title='bbox 450 443 558 483; x_wconf 89' lang='lat' dir='ltr'>quae</span> <span class='ocrx_word' id='word_1_26' title='bbox 589 428 776 469; x_wconf 87' lang='lat' dir='ltr'>humana</span> <span class='ocrx_word' id='word_1_27' title='bbox 807 428 927 482; x_wconf 83' lang='lat' dir='ltr'>regit.</span> <span class='ocrx_word' id='word_1_28' title='bbox 991 427 1164 481; x_wconf 87' lang='lat' dir='ltr'>propria</span> <span class='ocrx_word' id='word_1_29' title='bbox 1194 430 1258 467; x_wconf 87' lang='lat' dir='ltr'>est</span> <span class='ocrx_word' id='word_1_30' title='bbox 1289 426 1392 466; x_wconf 85' lang='lat' dir='ltr'>haec</span> <span class='ocrx_word' id='word_1_31' title='bbox 1425 426 1590 467; x_wconf 84' lang='lat' dir='ltr'>reddita</span> <span class='ocrx_word' id='word_1_32' title='bbox 1621 428 1729 481; x_wconf 85' lang='lat' dir='ltr'>parti</span> 
     </span>
     <span class='ocr_line' id='line_1_6' title="bbox 271 496 1542 551; baseline -0.002 -11"><span class='ocrx_word' id='word_1_33' title='bbox 271 514 322 540; x_wconf 79' lang='lat'>925</span> <span class='ocrx_word' id='word_1_34' title='bbox 343 499 424 540; x_wconf 88' lang='lat' dir='ltr'>uis:</span> <span class='ocrx_word' id='word_1_35' title='bbox 460 503 501 540; x_wconf 89' lang='lat' dir='ltr'>et</span> <span class='ocrx_word' id='word_1_36' title='bbox 533 499 714 540; x_wconf 89' lang='lat' dir='ltr'>conubia</span> <span class='ocrx_word' id='word_1_37' title='bbox 745 502 785 539; x_wconf 88' lang='lat' dir='ltr'>et</span> <span class='ocrx_word' id='word_1_38' title='bbox 817 497 1026 538; x_wconf 77' lang='lat' dir='ltr'>thalamos</span> <span class='ocrx_word' id='word_1_39' title='bbox 1058 497 1289 551; x_wconf 89' lang='lat' dir='ltr'>taedasque</span> <span class='ocrx_word' id='word_1_40' title='bbox 1320 496 1542 551; x_wconf 80' lang='lat' dir='ltr'>gubernat.</span> 
     </span>
     <span class='ocr_line' id='line_1_7' title="bbox 344 568 1452 610; baseline -0.003 0"><span class='ocrx_word' id='word_1_41' title='bbox 344 570 448 610; x_wconf 84' lang='lat' dir='ltr'>haec</span> <span class='ocrx_word' id='word_1_42' title='bbox 481 570 613 610; x_wconf 86' lang='lat' dir='ltr'>tutela</span> <span class='ocrx_word' id='word_1_43' title='bbox 644 570 767 610; x_wconf 88' lang='lat' dir='ltr'>docet</span> <span class='ocrx_word' id='word_1_44' title='bbox 798 568 1009 610; x_wconf 79' lang='lat' dir='ltr'>Uenerem</span> <span class='ocrx_word' id='word_1_45' title='bbox 1043 582 1119 609; x_wconf 84' lang='lat' dir='ltr'>sua</span> <span class='ocrx_word' id='word_1_46' title='bbox 1152 568 1235 608; x_wconf 88' lang='lat' dir='ltr'>tela</span> <span class='ocrx_word' id='word_1_47' title='bbox 1267 581 1452 608; x_wconf 88' lang='lat' dir='ltr'>mouere.</span> 
     </span>
     <span class='ocr_line' id='line_1_8' title="bbox 345 637 1548 693; baseline -0.002 -12"><span class='ocrx_word' id='word_1_48' title='bbox 345 654 498 681; x_wconf 89' lang='lat' dir='ltr'>nomen</span> <span class='ocrx_word' id='word_1_49' title='bbox 531 641 610 681; x_wconf 88' lang='lat' dir='ltr'>erit</span> <span class='ocrx_word' id='word_1_50' title='bbox 640 639 830 681; x_wconf 81' lang='lat' dir='ltr'>Fortuna</span> <span class='ocrx_word' id='word_1_51' title='bbox 861 639 966 680; x_wconf 88' lang='lat' dir='ltr'>loco.</span> <span class='ocrx_word' id='word_1_52' title='bbox 1031 653 1113 693; x_wconf 90' lang='lat' dir='ltr'>quo</span> <span class='ocrx_word' id='word_1_53' title='bbox 1147 637 1316 692; x_wconf 80' lang='lat' dir='ltr'>percipe</span> <span class='ocrx_word' id='word_1_54' title='bbox 1349 642 1548 689; x_wconf 83' lang='lat' dir='ltr'>mentem⁷</span> 
     </span>
     <span class='ocr_line' id='line_1_9' title="bbox 344 709 1558 765; baseline -0.002 -14"><span class='ocrx_word' id='word_1_55' title='bbox 344 716 389 751; x_wconf 91' lang='lat' dir='ltr'>ut</span> <span class='ocrx_word' id='word_1_56' title='bbox 420 711 567 752; x_wconf 88' lang='lat' dir='ltr'>breuia</span> <span class='ocrx_word' id='word_1_57' title='bbox 599 711 640 751; x_wconf 90' lang='lat' dir='ltr'>in</span> <span class='ocrx_word' id='word_1_58' title='bbox 672 711 799 765; x_wconf 85' lang='lat' dir='ltr'>longo</span> <span class='ocrx_word' id='word_1_59' title='bbox 833 709 1083 764; x_wconf 90' lang='lat' dir='ltr'>compendia</span> <span class='ocrx_word' id='word_1_60' title='bbox 1116 709 1302 750; x_wconf 84' lang='lat' dir='ltr'>carmine</span> <span class='ocrx_word' id='word_1_61' title='bbox 1335 713 1558 763; x_wconf 84' lang='lat' dir='ltr'>praestem.</span> 
     </span>
     <span class='ocr_line' id='line_1_10' title="bbox 345 779 1374 836; baseline -0.003 -14"><span class='ocrx_word' id='word_1_62' title='bbox 345 786 388 822; x_wconf 86' lang='lat' dir='ltr'>at</span> <span class='ocrx_word' id='word_1_63' title='bbox 419 796 503 836; x_wconf 89' lang='lat' dir='ltr'>qua</span> <span class='ocrx_word' id='word_1_64' title='bbox 535 781 714 822; x_wconf 85' lang='lat' dir='ltr'>subsidit</span> <span class='ocrx_word' id='word_1_65' title='bbox 747 794 952 821; x_wconf 87' lang='lat' dir='ltr'>conuerso</span> <span class='ocrx_word' id='word_1_66' title='bbox 986 779 1157 820; x_wconf 89' lang='lat' dir='ltr'>cardine</span> <span class='ocrx_word' id='word_1_67' title='bbox 1190 779 1374 820; x_wconf 85' lang='lat' dir='ltr'>mundus</span> 
     </span>
     <span class='ocr_line' id='line_1_11' title="bbox 273 850 1518 904; baseline -0.002 -12"><span class='ocrx_word' id='word_1_68' title='bbox 273 866 325 892; x_wconf 76' lang='lat'>9:30</span> <span class='ocrx_word' id='word_1_69' title='bbox 345 852 622 893; x_wconf 83' lang='lat' dir='ltr'>fundamenta</span> <span class='ocrx_word' id='word_1_70' title='bbox 652 855 802 892; x_wconf 89' lang='lat' dir='ltr'>tenens</span> <span class='ocrx_word' id='word_1_71' title='bbox 835 850 1062 891; x_wconf 83' lang='lat' dir='ltr'>aduersum</span> <span class='ocrx_word' id='word_1_72' title='bbox 1095 854 1136 890; x_wconf 92' lang='lat' dir='ltr'>et</span> <span class='ocrx_word' id='word_1_73' title='bbox 1168 850 1342 904; x_wconf 78' lang='lat' dir='ltr'>suspicit</span> <span class='ocrx_word' id='word_1_74' title='bbox 1374 850 1518 890; x_wconf 87' lang='lat' dir='ltr'>orbem</span> 
     </span>
     <span class='ocr_line' id='line_1_12' title="bbox 346 921 1406 973; baseline -0.003 -10"><span class='ocrx_word' id='word_1_75' title='bbox 346 937 393 963; x_wconf 89' lang='lat' dir='ltr'>ac</span> <span class='ocrx_word' id='word_1_76' title='bbox 426 923 567 964; x_wconf 87' lang='lat' dir='ltr'>media</span> <span class='ocrx_word' id='word_1_77' title='bbox 598 922 675 963; x_wconf 89' lang='lat' dir='ltr'>sub</span> <span class='ocrx_word' id='word_1_78' title='bbox 707 925 830 962; x_wconf 88' lang='lat' dir='ltr'>nocte</span> <span class='ocrx_word' id='word_1_79' title='bbox 862 921 983 973; x_wconf 83' lang='lat' dir='ltr'>iacet,</span> <span class='ocrx_word' id='word_1_80' title='bbox 1018 921 1226 962; x_wconf 77' lang='lat' dir='ltr'>Saturnus</span> <span class='ocrx_word' id='word_1_81' title='bbox 1258 921 1301 961; x_wconf 87' lang='lat' dir='ltr'>in</span> <span class='ocrx_word' id='word_1_82' title='bbox 1334 921 1406 961; x_wconf 90' lang='lat' dir='ltr'>illa</span> 
     </span>
     <span class='ocr_line' id='line_1_13' title="bbox 342 992 1333 1048; baseline -0.002 -14"><span class='ocrx_word' id='word_1_83' title='bbox 342 997 462 1048; x_wconf 87' lang='lat' dir='ltr'>parte</span> <span class='ocrx_word' id='word_1_84' title='bbox 495 1007 592 1034; x_wconf 85' lang='lat' dir='ltr'>suas</span> <span class='ocrx_word' id='word_1_85' title='bbox 626 993 757 1047; x_wconf 82' lang='lat' dir='ltr'>agitat</span> <span class='ocrx_word' id='word_1_86' title='bbox 789 993 915 1043; x_wconf 80' lang='lat' dir='ltr'>uires,</span> <span class='ocrx_word' id='word_1_87' title='bbox 950 992 1138 1033; x_wconf 89' lang='lat' dir='ltr'>deiectus</span> <span class='ocrx_word' id='word_1_88' title='bbox 1171 996 1212 1032; x_wconf 85' lang='lat' dir='ltr'>et</span> <span class='ocrx_word' id='word_1_89' title='bbox 1244 992 1333 1046; x_wconf 84' lang='lat' dir='ltr'>ipse</span> 
     </span>
     <span class='ocr_line' id='line_1_14' title="bbox 345 1062 1392 1119; baseline -0.001 -15"><span class='ocrx_word' id='word_1_90' title='bbox 345 1063 522 1119; x_wconf 87' lang='lat' dir='ltr'>imperio</span> <span class='ocrx_word' id='word_1_91' title='bbox 556 1063 770 1118; x_wconf 88' lang='lat' dir='ltr'>quondam</span> <span class='ocrx_word' id='word_1_92' title='bbox 805 1063 952 1104; x_wconf 86' lang='lat' dir='ltr'>mundi</span> <span class='ocrx_word' id='word_1_93' title='bbox 981 1063 1169 1117; x_wconf 88' lang='lat' dir='ltr'>solioque</span> <span class='ocrx_word' id='word_1_94' title='bbox 1201 1062 1392 1114; x_wconf 82' lang='lat' dir='ltr'>deorum,</span> 
     </span>
     <span class='ocr_line' id='line_1_15' title="bbox 346 1133 1388 1189; baseline -0.001 -14"><span class='ocrx_word' id='word_1_95' title='bbox 346 1139 387 1175; x_wconf 88' lang='lat' dir='ltr'>et</span> <span class='ocrx_word' id='word_1_96' title='bbox 417 1139 538 1189; x_wconf 85' lang='lat' dir='ltr'>pater</span> <span class='ocrx_word' id='word_1_97' title='bbox 569 1135 612 1175; x_wconf 89' lang='lat' dir='ltr'>in</span> <span class='ocrx_word' id='word_1_98' title='bbox 645 1135 802 1189; x_wconf 87' lang='lat' dir='ltr'>patrios</span> <span class='ocrx_word' id='word_1_99' title='bbox 835 1138 1027 1175; x_wconf 83' lang='lat' dir='ltr'>excercet</span> <span class='ocrx_word' id='word_1_100' title='bbox 1058 1133 1234 1174; x_wconf 88' lang='lat' dir='ltr'>numina</span> <span class='ocrx_word' id='word_1_101' title='bbox 1268 1147 1388 1174; x_wconf 85' lang='lat' dir='ltr'>casus</span> 
     </span>
     <span class='ocr_line' id='line_1_16' title="bbox 274 1202 1517 1260; baseline -0.002 -14"><span class='ocrx_word' id='word_1_102' title='bbox 274 1220 326 1246; x_wconf 71' lang='lat'>935</span> <span class='ocrx_word' id='word_1_103' title='bbox 345 1205 644 1260; x_wconf 86' lang='lat' dir='ltr'>fortunamque</span> <span class='ocrx_word' id='word_1_104' title='bbox 678 1219 847 1256; x_wconf 79' lang='lat' dir='ltr'>senum3</span> <span class='ocrx_word' id='word_1_105' title='bbox 874 1202 1026 1257; x_wconf 72' lang='lat' dir='ltr'>prima</span> <span class='ocrx_word' id='word_1_106' title='bbox 1058 1205 1120 1243; x_wconf 74' lang='lat' dir='ltr'>est</span> <span class='ocrx_word' id='word_1_107' title='bbox 1153 1202 1283 1244; x_wconf 73' lang='lat' dir='ltr'>tutelo</span> <span class='ocrx_word' id='word_1_108' title='bbox 1316 1203 1517 1255; x_wconf 77' lang='lat' dir='ltr'>duorum,</span> 
     </span>
     <span class='ocr_line' id='line_1_17' title="bbox 343 1273 1710 1328; baseline 0.001 -12"><span class='ocrx_word' id='word_1_109' title='bbox 343 1277 599 1316; x_wconf 72' lang='lat' dir='ltr'>nascentmn</span> <span class='ocrx_word' id='word_1_110' title='bbox 633 1277 758 1327; x_wconf 74' lang='lat' dir='ltr'>atque</span> <span class='ocrx_word' id='word_1_111' title='bbox 786 1277 983 1328; x_wconf 68' lang='lat' dir='ltr'>patrzmrt,</span> <span class='ocrx_word' id='word_1_112' title='bbox 1018 1288 1127 1326; x_wconf 73' lang='lat' dir='ltr'>quac</span> <span class='ocrx_word' id='word_1_113' title='bbox 1162 1273 1241 1314; x_wconf 74' lang='lat' dir='ltr'>tali</span> <span class='ocrx_word' id='word_1_114' title='bbox 1274 1273 1448 1315; x_wconf 73' lang='lat' dir='ltr'>condita</span> <span class='ocrx_word' id='word_1_115' title='bbox 1474 1277 1604 1327; x_wconf 76' lang='lat' dir='ltr'>parte</span> <span class='ocrx_word' id='word_1_116' title='bbox 1637 1278 1710 1317; x_wconf 78' lang='lat' dir='ltr'>est.</span> 
     </span>
     <span class='ocr_line' id='line_1_18' title="bbox 348 1344 1636 1400; baseline 0.002 -15"><span class='ocrx_word' id='word_1_117' title='bbox 348 1359 553 1398; x_wconf 78' lang='lat' dir='ltr'>aspermn</span> <span class='ocrx_word' id='word_1_118' title='bbox 586 1344 669 1385; x_wconf 69' lang='lat' dir='ltr'>erit</span> <span class='ocrx_word' id='word_1_119' title='bbox 701 1345 934 1398; x_wconf 57' lang='lat' dir='ltr'>templmm</span> <span class='ocrx_word' id='word_1_120' title='bbox 966 1346 1127 1398; x_wconf 81' lang='lat' dir='ltr'>titulus,</span> <span class='ocrx_word' id='word_1_121' title='bbox 1162 1360 1287 1400; x_wconf 88' lang='lat' dir='ltr'>quem</span> <span class='ocrx_word' id='word_1_122' title='bbox 1321 1346 1503 1387; x_wconf 78' lang='lat' dir='ltr'>Graecia</span> <span class='ocrx_word' id='word_1_123' title='bbox 1535 1347 1636 1387; x_wconf 82' lang='lat' dir='ltr'>fecit</span> 
     </span>
     <span class='ocr_line' id='line_1_19' title="bbox 347 1417 1492 1472; baseline -0.002 -14"><span class='ocrx_word' id='word_1_124' title='bbox 347 1418 634 1471; x_wconf 80' lang='lat' dir='ltr'>daemonium,</span> <span class='ocrx_word' id='word_1_125' title='bbox 667 1418 891 1471; x_wconf 82' lang='lat' dir='ltr'>signatque</span> <span class='ocrx_word' id='word_1_126' title='bbox 925 1431 1022 1458; x_wconf 86' lang='lat' dir='ltr'>suas</span> <span class='ocrx_word' id='word_1_127' title='bbox 1054 1431 1129 1472; x_wconf 86' lang='lat' dir='ltr'>pro</span> <span class='ocrx_word' id='word_1_128' title='bbox 1162 1417 1334 1457; x_wconf 87' lang='lat' dir='ltr'>nomine</span> <span class='ocrx_word' id='word_1_129' title='bbox 1368 1417 1492 1458; x_wconf 88' lang='lat' dir='ltr'>uires.</span> 
     </span>
     <span class='ocr_line' id='line_1_20' title="bbox 347 1488 1555 1543; baseline 0 -14"><span class='ocrx_word' id='word_1_130' title='bbox 347 1503 459 1529; x_wconf 90' lang='lat' dir='ltr'>nunc</span> <span class='ocrx_word' id='word_1_131' title='bbox 492 1503 584 1543; x_wconf 76' lang='lat' dir='ltr'>age,</span> <span class='ocrx_word' id='word_1_132' title='bbox 617 1493 860 1543; x_wconf 80' lang='lat' dir='ltr'>surgentem</span> <span class='ocrx_word' id='word_1_133' title='bbox 893 1489 1029 1542; x_wconf 84' lang='lat' dir='ltr'>primo</span> <span class='ocrx_word' id='word_1_134' title='bbox 1062 1488 1114 1528; x_wconf 88' lang='lat' dir='ltr'>de</span> <span class='ocrx_word' id='word_1_135' title='bbox 1148 1488 1317 1529; x_wconf 82' lang='lat' dir='ltr'>cardine</span> <span class='ocrx_word' id='word_1_136' title='bbox 1350 1489 1555 1529; x_wconf 84' lang='lat' dir='ltr'>mundum</span> 
     </span>
     <span class='ocr_line' id='line_1_21' title="bbox 277 1559 1448 1614; baseline -0.001 -13"><span class='ocrx_word' id='word_1_137' title='bbox 277 1574 329 1601; x_wconf 70' lang='lat'>940</span> <span class='ocrx_word' id='word_1_138' title='bbox 348 1560 524 1614; x_wconf 78' lang='lat' dir='ltr'>respice,</span> <span class='ocrx_word' id='word_1_139' title='bbox 558 1574 641 1614; x_wconf 83' lang='lat' dir='ltr'>qua</span> <span class='ocrx_word' id='word_1_140' title='bbox 673 1560 816 1601; x_wconf 86' lang='lat' dir='ltr'>solitos</span> <span class='ocrx_word' id='word_1_141' title='bbox 849 1559 1068 1600; x_wconf 84' lang='lat' dir='ltr'>nascentia</span> <span class='ocrx_word' id='word_1_142' title='bbox 1100 1559 1222 1613; x_wconf 78' lang='lat' dir='ltr'>signa</span> <span class='ocrx_word' id='word_1_143' title='bbox 1254 1573 1448 1600; x_wconf 85' lang='lat' dir='ltr'>recursus</span> 
     </span>
     <span class='ocr_line' id='line_1_22' title="bbox 350 1630 1478 1685; baseline -0.001 -14"><span class='ocrx_word' id='word_1_144' title='bbox 350 1631 568 1685; x_wconf 77' lang='lat' dir='ltr'>incipiunt,</span> <span class='ocrx_word' id='word_1_145' title='bbox 603 1631 749 1671; x_wconf 83' lang='lat' dir='ltr'>uiridis</span> <span class='ocrx_word' id='word_1_146' title='bbox 781 1630 931 1685; x_wconf 78' lang='lat' dir='ltr'>gelidis</span> <span class='ocrx_word' id='word_1_147' title='bbox 966 1635 1006 1670; x_wconf 90' lang='lat' dir='ltr'>et</span> <span class='ocrx_word' id='word_1_148' title='bbox 1038 1630 1237 1670; x_wconf 86' lang='lat' dir='ltr'>Phoebus</span> <span class='ocrx_word' id='word_1_149' title='bbox 1271 1631 1322 1671; x_wconf 91' lang='lat' dir='ltr'>ab</span> <span class='ocrx_word' id='word_1_150' title='bbox 1355 1631 1478 1671; x_wconf 76' lang='lat' dir='ltr'>undis</span> 
     </span>
     <span class='ocr_line' id='line_1_23' title="bbox 349 1701 1372 1756; baseline -0.001 -14"><span class='ocrx_word' id='word_1_151' title='bbox 349 1705 492 1742; x_wconf 86' lang='lat' dir='ltr'>enatat</span> <span class='ocrx_word' id='word_1_152' title='bbox 523 1706 565 1741; x_wconf 89' lang='lat' dir='ltr'>et</span> <span class='ocrx_word' id='word_1_153' title='bbox 595 1701 712 1742; x_wconf 87' lang='lat' dir='ltr'>fuluo</span> <span class='ocrx_word' id='word_1_154' title='bbox 746 1701 949 1756; x_wconf 86' lang='lat' dir='ltr'>paulatim</span> <span class='ocrx_word' id='word_1_155' title='bbox 985 1701 1231 1742; x_wconf 85' lang='lat' dir='ltr'>accenditur</span> <span class='ocrx_word' id='word_1_156' title='bbox 1262 1701 1372 1755; x_wconf 75' lang='lat' dir='ltr'>igne,</span> 
     </span>
     <span class='ocr_line' id='line_1_24' title="bbox 349 1772 1458 1827; baseline 0.001 -15"><span class='ocrx_word' id='word_1_157' title='bbox 349 1772 452 1813; x_wconf 87' lang='lat' dir='ltr'>haec</span> <span class='ocrx_word' id='word_1_158' title='bbox 484 1776 557 1813; x_wconf 86' lang='lat' dir='ltr'>tua</span> <span class='ocrx_word' id='word_1_159' title='bbox 590 1773 746 1827; x_wconf 87' lang='lat' dir='ltr'>templa</span> <span class='ocrx_word' id='word_1_160' title='bbox 778 1772 919 1813; x_wconf 86' lang='lat' dir='ltr'>ferunt</span> <span class='ocrx_word' id='word_1_161' title='bbox 950 1772 1074 1824; x_wconf 87' lang='lat' dir='ltr'>Maia,</span> <span class='ocrx_word' id='word_1_162' title='bbox 1111 1772 1313 1827; x_wconf 78' lang='lat' dir='ltr'>Cyllenie,</span> <span class='ocrx_word' id='word_1_163' title='bbox 1347 1777 1458 1813; x_wconf 85' lang='lat' dir='ltr'>nate.</span> 
     </span>
     <span class='ocr_line' id='line_1_25' title="bbox 349 1840 1416 1896; baseline 0 -14"><span class='ocrx_word' id='word_1_164' title='bbox 349 1856 369 1882; x_wconf 90' lang='lat'><em>0</em></span> <span class='ocrx_word' id='word_1_165' title='bbox 401 1841 537 1894; x_wconf 67' lang='lat' dir='ltr'>facies</span> <span class='ocrx_word' id='word_1_166' title='bbox 569 1840 743 1896; x_wconf 69' lang='lat' dir='ltr'>sz&#39;ynata</span> <span class='ocrx_word' id='word_1_167' title='bbox 776 1845 890 1895; x_wconf 62' lang='lat' dir='ltr'>nota,</span> <span class='ocrx_word' id='word_1_168' title='bbox 926 1842 1039 1894; x_wconf 72' lang='lat' dir='ltr'>quod</span> <span class='ocrx_word' id='word_1_169' title='bbox 1070 1855 1226 1883; x_wconf 69' lang='lat' dir='ltr'>nomen</span> <span class='ocrx_word' id='word_1_170' title='bbox 1259 1845 1297 1882; x_wconf 79' lang='lat' dir='ltr'>et</span> <span class='ocrx_word' id='word_1_171' title='bbox 1331 1841 1416 1895; x_wconf 66' lang='lat' dir='ltr'>ipsi</span> 
     </span>
     <span class='ocr_line' id='line_1_26' title="bbox 274 1912 1497 1967; baseline 0 -11"><span class='ocrx_word' id='word_1_172' title='bbox 274 1929 327 1956; x_wconf 72' lang='lat'>945</span> <span class='ocrx_word' id='word_1_173' title='bbox 348 1915 543 1954; x_wconf 60' lang='lat' dir='ltr'>caeteteros</span> <span class='ocrx_word' id='word_1_174' title='bbox 576 1912 654 1955; x_wconf 73' lang='lat' dir='ltr'>tibi</span> <span class='ocrx_word' id='word_1_175' title='bbox 686 1913 794 1955; x_wconf 70' lang='lat' dir='ltr'>dant</span> <span class='ocrx_word' id='word_1_176' title='bbox 828 1913 936 1955; x_wconf 69' lang='lat' dir='ltr'>arsis</span> <span class='ocrx_word' id='word_1_177' title='bbox 968 1927 1076 1965; x_wconf 63' lang='lat' dir='ltr'>(Iuste</span> <span class='ocrx_word' id='word_1_178' title='bbox 1111 1913 1231 1954; x_wconf 72' lang='lat' dir='ltr'>(lucit</span> <span class='ocrx_word' id='word_1_179' title='bbox 1265 1912 1497 1967; x_wconf 69' lang='lat' dir='ltr'>Olympum</span> 
     </span>
     <span class='ocr_line' id='line_1_27' title="bbox 350 1985 1407 2040; baseline 0.002 -15"><span class='ocrx_word' id='word_1_180' title='bbox 350 1985 393 2026; x_wconf 90' lang='lat' dir='ltr'>in</span> <span class='ocrx_word' id='word_1_181' title='bbox 427 2000 508 2040; x_wconf 93' lang='lat' dir='ltr'>quo</span> <span class='ocrx_word' id='word_1_182' title='bbox 538 1986 752 2027; x_wconf 87' lang='lat' dir='ltr'>fortunam</span> <span class='ocrx_word' id='word_1_183' title='bbox 787 1991 984 2028; x_wconf 87' lang='lat' dir='ltr'>natorum</span> <span class='ocrx_word' id='word_1_184' title='bbox 1018 1987 1207 2027; x_wconf 79' lang='lat' dir='ltr'>condidit</span> <span class='ocrx_word' id='word_1_185' title='bbox 1239 2000 1407 2027; x_wconf 86' lang='lat' dir='ltr'>omnem</span> 
     </span>
     <span class='ocr_line' id='line_1_28' title="bbox 351 2057 1353 2111; baseline 0.001 -14"><span class='ocrx_word' id='word_1_186' title='bbox 351 2060 516 2107; x_wconf 79' lang='lat' dir='ltr'>natura,</span> <span class='ocrx_word' id='word_1_187' title='bbox 551 2071 600 2098; x_wconf 82' lang='lat' dir='ltr'>ex</span> <span class='ocrx_word' id='word_1_188' title='bbox 632 2057 703 2098; x_wconf 92' lang='lat' dir='ltr'>illo</span> <span class='ocrx_word' id='word_1_189' title='bbox 735 2057 953 2111; x_wconf 84' lang='lat' dir='ltr'>suspendit</span> <span class='ocrx_word' id='word_1_190' title='bbox 985 2062 1085 2098; x_wconf 78' lang='lat' dir='ltr'>uota</span> <span class='ocrx_word' id='word_1_191' title='bbox 1118 2061 1353 2111; x_wconf 80' lang='lat' dir='ltr'>parentum.</span> 
     </span>
     <span class='ocr_line' id='line_1_29' title="bbox 352 2127 1494 2182; baseline 0.002 -15"><span class='ocrx_word' id='word_1_192' title='bbox 352 2141 460 2168; x_wconf 88' lang='lat' dir='ltr'>unus</span> <span class='ocrx_word' id='word_1_193' title='bbox 493 2127 535 2167; x_wconf 89' lang='lat' dir='ltr'>in</span> <span class='ocrx_word' id='word_1_194' title='bbox 567 2142 720 2169; x_wconf 87' lang='lat' dir='ltr'>occasu</span> <span class='ocrx_word' id='word_1_195' title='bbox 753 2128 869 2169; x_wconf 87' lang='lat' dir='ltr'>locus</span> <span class='ocrx_word' id='word_1_196' title='bbox 902 2132 965 2169; x_wconf 86' lang='lat' dir='ltr'>est</span> <span class='ocrx_word' id='word_1_197' title='bbox 997 2142 1136 2182; x_wconf 79' lang='lat' dir='ltr'>super,</span> <span class='ocrx_word' id='word_1_198' title='bbox 1199 2128 1269 2168; x_wconf 88' lang='lat' dir='ltr'>ille</span> <span class='ocrx_word' id='word_1_199' title='bbox 1300 2133 1494 2169; x_wconf 87' lang='lat' dir='ltr'>ruentem</span> 
     </span>
     <span class='ocr_line' id='line_1_30' title="bbox 351 2185 1492 2253; baseline 0.003 -15"><span class='ocrx_word' id='word_1_200' title='bbox 351 2199 603 2253; x_wconf 86' lang='lat' dir='ltr'>praecipitat</span> <span class='ocrx_word' id='word_1_201' title='bbox 635 2185 840 2240; x_wconf 77' lang='lat' dir='ltr'>mundum</span> <span class='ocrx_word' id='word_1_202' title='bbox 873 2200 1058 2241; x_wconf 83' lang='lat' dir='ltr'>tenebris</span> <span class='ocrx_word' id='word_1_203' title='bbox 1091 2204 1132 2240; x_wconf 90' lang='lat' dir='ltr'>et</span> <span class='ocrx_word' id='word_1_204' title='bbox 1163 2199 1303 2240; x_wconf 83' lang='lat' dir='ltr'>sidera</span> <span class='ocrx_word' id='word_1_205' title='bbox 1335 2205 1492 2242; x_wconf 82' lang='lat' dir='ltr'>mersat</span> 
     </span>
     <span class='ocr_line' id='line_1_31' title="bbox 280 2270 1457 2325; baseline 0.003 -16"><span class='ocrx_word' id='word_1_206' title='bbox 280 2284 332 2309; x_wconf 79' lang='lat'>950</span> <span class='ocrx_word' id='word_1_207' title='bbox 351 2274 555 2324; x_wconf 85' lang='lat' dir='ltr'>tergaque</span> <span class='ocrx_word' id='word_1_208' title='bbox 588 2275 828 2325; x_wconf 82' lang='lat' dir='ltr'>prospectat</span> <span class='ocrx_word' id='word_1_209' title='bbox 860 2270 1035 2322; x_wconf 81' lang='lat' dir='ltr'>Phoebi,</span> <span class='ocrx_word' id='word_1_210' title='bbox 1071 2271 1141 2325; x_wconf 88' lang='lat' dir='ltr'>qui</span> <span class='ocrx_word' id='word_1_211' title='bbox 1173 2271 1340 2311; x_wconf 85' lang='lat' dir='ltr'>uiderat</span> <span class='ocrx_word' id='word_1_212' title='bbox 1372 2286 1457 2312; x_wconf 81' lang='lat' dir='ltr'>ora..</span> 
     </span>
    </p>
   </div>
   <div class='ocr_carea' id='block_1_3' title="bbox 139 2404 1874 2968">
    <p class='ocr_par' dir='ltr' id='par_1_3' title="bbox 139 2404 1874 2968">
     <span class='ocr_line' id='line_1_32' title="bbox 283 2404 1870 2449; baseline 0.002 -11"><span class='ocrx_word' id='word_1_213' title='bbox 283 2404 347 2438; x_wconf 89' lang='lat'>921</span> <span class='ocrx_word' id='word_1_214' title='bbox 382 2404 556 2439; x_wconf 74' lang='lat' dir='ltr'>librarum</span> <span class='ocrx_word' id='word_1_215' title='bbox 579 2405 653 2449; x_wconf 69' lang='lat' dir='ltr'>lgc</span> <span class='ocrx_word' id='word_1_216' title='bbox 684 2406 853 2440; x_wconf 78' lang='lat' dir='ltr'>libratum</span> <span class='ocrx_word' id='word_1_217' title='bbox 879 2415 912 2440; x_wconf 81' lang='lat' dir='ltr'>ni</span> <span class='ocrx_word' id='word_1_218' title='bbox 947 2417 990 2439; x_wconf 71' lang='lat' dir='ltr'>em</span> <span class='ocrx_word' id='word_1_219' title='bbox 1019 2405 1141 2440; x_wconf 77' lang='lat' dir='ltr'>ordine</span> <span class='ocrx_word' id='word_1_220' title='bbox 1166 2415 1184 2439; x_wconf 83' lang='lat' dir='ltr'>c</span> <span class='ocrx_word' id='word_1_221' title='bbox 1218 2424 1260 2428; x_wconf 86' lang='lat'>—</span> <span class='ocrx_word' id='word_1_222' title='bbox 1294 2407 1361 2440; x_wconf 81' lang='lat'>922</span> <span class='ocrx_word' id='word_1_223' title='bbox 1393 2406 1525 2441; x_wconf 78' lang='lat' dir='ltr'>adserit</span> <span class='ocrx_word' id='word_1_224' title='bbox 1551 2416 1587 2441; x_wconf 86' lang='lat' dir='ltr'>m</span> <span class='ocrx_word' id='word_1_225' title='bbox 1618 2406 1734 2441; x_wconf 72' lang='lat' dir='ltr'>sedent</span> <span class='ocrx_word' id='word_1_226' title='bbox 1759 2417 1793 2441; x_wconf 81' lang='lat' dir='ltr'>ni</span> <span class='ocrx_word' id='word_1_227' title='bbox 1830 2427 1870 2430; x_wconf 86' lang='lat'>—</span> 
     </span>
     <span class='ocr_line' id='line_1_33' title="bbox 142 2455 1872 2515; baseline 0.002 -12"><span class='ocrx_word' id='word_1_228' title='bbox 142 2469 210 2503; x_wconf 82' lang='lat'>924</span> <span class='ocrx_word' id='word_1_229' title='bbox 240 2480 368 2513; x_wconf 76' lang='lat' dir='ltr'>perque</span> <span class='ocrx_word' id='word_1_230' title='bbox 395 2478 415 2503; x_wconf 94' lang='lat'>0</span> <span class='ocrx_word' id='word_1_231' title='bbox 448 2469 512 2504; x_wconf 82' lang='lat' dir='ltr'>hac</span> <span class='ocrx_word' id='word_1_232' title='bbox 537 2469 583 2513; x_wconf 80' lang='lat' dir='ltr'>lg</span> <span class='ocrx_word' id='word_1_233' title='bbox 615 2470 674 2504; x_wconf 81' lang='lat' dir='ltr'>hec</span> <span class='ocrx_word' id='word_1_234' title='bbox 700 2480 719 2505; x_wconf 85' lang='lat' dir='ltr'>c</span> <span class='ocrx_word' id='word_1_235' title='bbox 754 2455 870 2506; x_wconf 71' lang='lat' dir='ltr'>reddita.</span> <span class='ocrx_word' id='word_1_236' title='bbox 895 2470 907 2505; x_wconf 96' lang='lat' dir='ltr'>l</span> <span class='ocrx_word' id='word_1_237' title='bbox 942 2470 1057 2505; x_wconf 77' lang='lat' dir='ltr'>redita</span> <span class='ocrx_word' id='word_1_238' title='bbox 1085 2480 1120 2505; x_wconf 85' lang='lat' dir='ltr'>n]</span> <span class='ocrx_word' id='word_1_239' title='bbox 1153 2470 1276 2505; x_wconf 75' lang='lat' dir='ltr'>addita</span> <span class='ocrx_word' id='word_1_240' title='bbox 1304 2482 1321 2505; x_wconf 81' lang='lat' dir='ltr'>c</span> <span class='ocrx_word' id='word_1_241' title='bbox 1354 2491 1394 2495; x_wconf 77' lang='grc'>-</span> <span class='ocrx_word' id='word_1_242' title='bbox 1427 2472 1494 2505; x_wconf 81' lang='lat'>925</span> <span class='ocrx_word' id='word_1_243' title='bbox 1527 2471 1618 2506; x_wconf 79' lang='lat' dir='ltr'>m&#39;set</span> <span class='ocrx_word' id='word_1_244' title='bbox 1650 2471 1810 2515; x_wconf 67' lang='lat' dir='ltr'>coniuqia</span> <span class='ocrx_word' id='word_1_245' title='bbox 1834 2482 1872 2506; x_wconf 88' lang='lat' dir='ltr'>m</span> 
     </span>
     <span class='ocr_line' id='line_1_34' title="bbox 141 2533 1871 2580; baseline 0.002 -13"><span class='ocrx_word' id='word_1_246' title='bbox 141 2533 288 2568; x_wconf 74' lang='lat' dir='ltr'>conubia</span> <span class='ocrx_word' id='word_1_247' title='bbox 313 2533 359 2577; x_wconf 77' lang='lat' dir='ltr'>lg</span> <span class='ocrx_word' id='word_1_248' title='bbox 398 2554 439 2556; x_wconf 97' lang='lat'><strong>—</strong></span> <span class='ocrx_word' id='word_1_249' title='bbox 480 2536 546 2569; x_wconf 82' lang='lat'>926</span> <span class='ocrx_word' id='word_1_250' title='bbox 585 2535 679 2570; x_wconf 74' lang='lat' dir='ltr'>(locet</span> <span class='ocrx_word' id='word_1_251' title='bbox 709 2546 729 2567; x_wconf 86' lang='lat' dir='ltr'>o</span> <span class='ocrx_word' id='word_1_252' title='bbox 769 2554 810 2557; x_wconf 88' lang='lat'><strong>—</strong></span> <span class='ocrx_word' id='word_1_253' title='bbox 851 2537 919 2570; x_wconf 85' lang='lat'>928</span> <span class='ocrx_word' id='word_1_254' title='bbox 956 2535 1146 2579; x_wconf 75' lang='lat' dir='ltr'>conpendia</span> <span class='ocrx_word' id='word_1_255' title='bbox 1178 2546 1214 2570; x_wconf 91' lang='lat' dir='ltr'>m</span> <span class='ocrx_word' id='word_1_256' title='bbox 1253 2539 1412 2580; x_wconf 71' lang='lat' dir='ltr'>prestent</span> <span class='ocrx_word' id='word_1_257' title='bbox 1436 2536 1492 2571; x_wconf 83' lang='lat' dir='ltr'>ln]</span> <span class='ocrx_word' id='word_1_258' title='bbox 1536 2540 1713 2580; x_wconf 74' lang='lat' dir='ltr'>praestent</span> <span class='ocrx_word' id='word_1_259' title='bbox 1738 2546 1788 2578; x_wconf 74' lang='lat' dir='ltr'>gc</span> <span class='ocrx_word' id='word_1_260' title='bbox 1830 2556 1871 2559; x_wconf 90' lang='lat'>—</span> 
     </span>
     <span class='ocr_line' id='line_1_35' title="bbox 143 2587 1873 2644; baseline 0.003 -13"><span class='ocrx_word' id='word_1_261' title='bbox 143 2599 209 2632; x_wconf 85' lang='lat'>929</span> <span class='ocrx_word' id='word_1_262' title='bbox 236 2587 395 2642; x_wconf 55' lang='lat' dir='ltr'>Afilqztal</span> <span class='ocrx_word' id='word_1_263' title='bbox 421 2599 467 2632; x_wconf 82' lang='lat' dir='ltr'>ad</span> <span class='ocrx_word' id='word_1_264' title='bbox 492 2610 560 2643; x_wconf 75' lang='lat' dir='ltr'>qua</span> <span class='ocrx_word' id='word_1_265' title='bbox 579 2609 614 2633; x_wconf 86' lang='lat' dir='ltr'>m</span> <span class='ocrx_word' id='word_1_266' title='bbox 654 2623 698 2625; x_wconf 82' lang='grc'>---</span> <span class='ocrx_word' id='word_1_267' title='bbox 737 2601 805 2635; x_wconf 88' lang='lat'>930</span> <span class='ocrx_word' id='word_1_268' title='bbox 830 2600 974 2644; x_wconf 68' lang='lat' dir='ltr'>suscipit</span> <span class='ocrx_word' id='word_1_269' title='bbox 997 2611 1024 2632; x_wconf 87' lang='grc' dir='ltr'>ω</span> <span class='ocrx_word' id='word_1_270' title='bbox 1049 2601 1190 2644; x_wconf 73' lang='lat' dir='ltr'>inscipit</span> <span class='ocrx_word' id='word_1_271' title='bbox 1208 2611 1243 2635; x_wconf 94' lang='lat' dir='ltr'>m</span> <span class='ocrx_word' id='word_1_272' title='bbox 1272 2620 1314 2624; x_wconf 86' lang='lat'>—-</span> <span class='ocrx_word' id='word_1_273' title='bbox 1342 2602 1406 2635; x_wconf 84' lang='grc'><strong>931</strong></span> <span class='ocrx_word' id='word_1_274' title='bbox 1435 2601 1550 2635; x_wconf 75' lang='lat' dir='ltr'>iacens</span> <span class='ocrx_word' id='word_1_275' title='bbox 1574 2612 1593 2635; x_wconf 80' lang='lat' dir='ltr'>o</span> <span class='ocrx_word' id='word_1_276' title='bbox 1634 2621 1674 2624; x_wconf 92' lang='lat'><strong>—</strong></span> <span class='ocrx_word' id='word_1_277' title='bbox 1715 2602 1782 2636; x_wconf 85' lang='lat'>932</span> <span class='ocrx_word' id='word_1_278' title='bbox 1808 2613 1873 2636; x_wconf 77' lang='lat' dir='ltr'>sua</span> 
     </span>
     <span class='ocr_line' id='line_1_36' title="bbox 139 2657 1874 2710; baseline 0.003 -14"><span class='ocrx_word' id='word_1_279' title='bbox 139 2662 271 2707; x_wconf 65' lang='lat' dir='ltr'>fugitat</span> <span class='ocrx_word' id='word_1_280' title='bbox 285 2673 323 2697; x_wconf 88' lang='lat' dir='ltr'>m</span> <span class='ocrx_word' id='word_1_281' title='bbox 339 2662 396 2705; x_wconf 86' lang='lat' dir='ltr'>(L)</span> <span class='ocrx_word' id='word_1_282' title='bbox 413 2683 455 2686; x_wconf 97' lang='lat'><strong>—</strong></span> <span class='ocrx_word' id='word_1_283' title='bbox 472 2664 540 2698; x_wconf 86' lang='lat'>934</span> <span class='ocrx_word' id='word_1_284' title='bbox 551 2665 692 2708; x_wconf 74' lang='lat' dir='ltr'>patrios</span> <span class='ocrx_word' id='word_1_285' title='bbox 707 2675 727 2700; x_wconf 91' lang='grc' dir='ltr'><strong>Ο</strong></span> <span class='ocrx_word' id='word_1_286' title='bbox 747 2685 789 2688; x_wconf 85' lang='lat'>——</span> <span class='ocrx_word' id='word_1_287' title='bbox 806 2666 873 2701; x_wconf 77' lang='lat'>935</span> <span class='ocrx_word' id='word_1_288' title='bbox 893 2665 1001 2700; x_wconf 80' lang='lat' dir='ltr'>tutela</span> <span class='ocrx_word' id='word_1_289' title='bbox 1018 2665 1168 2699; x_wconf 74' lang='lat' dir='ltr'>duorum</span> <span class='ocrx_word' id='word_1_290' title='bbox 1186 2675 1206 2700; x_wconf 95' lang='lat' dir='ltr'>o</span> <span class='ocrx_word' id='word_1_291' title='bbox 1227 2688 1272 2691; x_wconf 85' lang='lat'>—</span> <span class='ocrx_word' id='word_1_292' title='bbox 1291 2666 1357 2700; x_wconf 81' lang='lat' dir='ltr'>93ss</span> <span class='ocrx_word' id='word_1_293' title='bbox 1376 2657 1592 2710; x_wconf 56' lang='lat' dir='ltr'>nascentelum</span> <span class='ocrx_word' id='word_1_294' title='bbox 1610 2666 1623 2701; x_wconf 96' lang='lat' dir='ltr'>l</span> <span class='ocrx_word' id='word_1_295' title='bbox 1647 2666 1874 2701; x_wconf 61' lang='lat' dir='ltr'>nascendum-</span> 
     </span>
     <span class='ocr_line' id='line_1_37' title="bbox 143 2727 1872 2774; baseline 0.003 -13"><span class='ocrx_word' id='word_1_296' title='bbox 143 2738 206 2770; x_wconf 82' lang='lat' dir='ltr'>que</span> <span class='ocrx_word' id='word_1_297' title='bbox 230 2737 267 2762; x_wconf 94' lang='lat' dir='ltr'>m</span> <span class='ocrx_word' id='word_1_298' title='bbox 306 2727 386 2772; x_wconf 79' lang='lat' dir='ltr'>(que</span> <span class='ocrx_word' id='word_1_299' title='bbox 411 2727 483 2763; x_wconf 88' lang='lat' dir='ltr'>del.</span> <span class='ocrx_word' id='word_1_300' title='bbox 511 2728 622 2771; x_wconf 81' lang='lat' dir='ltr'>corr.)</span> <span class='ocrx_word' id='word_1_301' title='bbox 655 2729 764 2773; x_wconf 73' lang='lat' dir='ltr'>adque</span> <span class='ocrx_word' id='word_1_302' title='bbox 789 2740 823 2764; x_wconf 90' lang='lat' dir='ltr'>m</span> <span class='ocrx_word' id='word_1_303' title='bbox 861 2741 947 2774; x_wconf 77' lang='lat' dir='ltr'>pars</span> <span class='ocrx_word' id='word_1_304' title='bbox 977 2733 1027 2765; x_wconf 76' lang='lat' dir='ltr'>est</span> <span class='ocrx_word' id='word_1_305' title='bbox 1052 2739 1072 2763; x_wconf 91' lang='lat'>0</span> <span class='ocrx_word' id='word_1_306' title='bbox 1113 2749 1155 2753; x_wconf 88' lang='lat'>—-</span> <span class='ocrx_word' id='word_1_307' title='bbox 1195 2731 1260 2765; x_wconf 78' lang='lat'>937</span> <span class='ocrx_word' id='word_1_308' title='bbox 1294 2730 1363 2765; x_wconf 82' lang='lat' dir='ltr'>erit</span> <span class='ocrx_word' id='word_1_309' title='bbox 1390 2741 1426 2765; x_wconf 81' lang='grc' dir='ltr'>Π]</span> <span class='ocrx_word' id='word_1_310' title='bbox 1465 2735 1541 2765; x_wconf 82' lang='lat' dir='ltr'>erat</span> <span class='ocrx_word' id='word_1_311' title='bbox 1572 2743 1598 2763; x_wconf 81' lang='grc' dir='ltr'>ω</span> <span class='ocrx_word' id='word_1_312' title='bbox 1642 2731 1806 2774; x_wconf 72' lang='lat' dir='ltr'>temptum</span> <span class='ocrx_word' id='word_1_313' title='bbox 1835 2742 1872 2766; x_wconf 90' lang='lat' dir='ltr'>m</span> 
     </span>
     <span class='ocr_line' id='line_1_38' title="bbox 144 2792 1874 2842; baseline 0.003 -17"><span class='ocrx_word' id='word_1_314' title='bbox 144 2794 280 2836; x_wconf 77' lang='lat' dir='ltr'>tempus</span> <span class='ocrx_word' id='word_1_315' title='bbox 303 2803 330 2825; x_wconf 85' lang='grc' dir='ltr'>ω</span> <span class='ocrx_word' id='word_1_316' title='bbox 363 2792 486 2828; x_wconf 75' lang='lat' dir='ltr'>titulus</span> <span class='ocrx_word' id='word_1_317' title='bbox 510 2803 530 2828; x_wconf 93' lang='lat'>0</span> <span class='ocrx_word' id='word_1_318' title='bbox 560 2794 630 2837; x_wconf 80' lang='lat' dir='ltr'>feci</span> <span class='ocrx_word' id='word_1_319' title='bbox 654 2804 674 2829; x_wconf 91' lang='grc' dir='ltr'>ο</span> <span class='ocrx_word' id='word_1_320' title='bbox 712 2813 758 2817; x_wconf 91' lang='lat'><strong>—</strong></span> <span class='ocrx_word' id='word_1_321' title='bbox 796 2796 864 2829; x_wconf 87' lang='grc'>940</span> <span class='ocrx_word' id='word_1_322' title='bbox 897 2794 1003 2829; x_wconf 70' lang='lat' dir='ltr'>solido</span> <span class='ocrx_word' id='word_1_323' title='bbox 1029 2804 1049 2829; x_wconf 86' lang='lat' dir='ltr'>o</span> <span class='ocrx_word' id='word_1_324' title='bbox 1082 2806 1226 2830; x_wconf 79' lang='lat' dir='ltr'>recursu</span> <span class='ocrx_word' id='word_1_325' title='bbox 1251 2804 1269 2829; x_wconf 83' lang='lat' dir='ltr'>e</span> <span class='ocrx_word' id='word_1_326' title='bbox 1301 2794 1378 2836; x_wconf 79' lang='lat' dir='ltr'>(soli</span> <span class='ocrx_word' id='word_1_327' title='bbox 1409 2795 1540 2830; x_wconf 76' lang='lat' dir='ltr'>donare</span> <span class='ocrx_word' id='word_1_328' title='bbox 1570 2796 1701 2831; x_wconf 73' lang='lat' dir='ltr'>scencia</span> <span class='ocrx_word' id='word_1_329' title='bbox 1732 2797 1874 2842; x_wconf 68' lang='lat' dir='ltr'>siqnare</span> 
     </span>
     <span class='ocr_line' id='line_1_39' title="bbox 143 2854 1872 2914; baseline 0.002 -23"><span class='ocrx_word' id='word_1_330' title='bbox 143 2857 322 2899; x_wconf 78' lang='lat' dir='ltr'>cursum)</span> <span class='ocrx_word' id='word_1_331' title='bbox 350 2880 393 2883; x_wconf 85' lang='lat'><strong>—</strong></span> <span class='ocrx_word' id='word_1_332' title='bbox 422 2859 488 2893; x_wconf 80' lang='lat'>943</span> <span class='ocrx_word' id='word_1_333' title='bbox 511 2854 633 2902; x_wconf 65' lang='lat' dir='ltr'>&#39;&#39;fqtcl</span> <span class='ocrx_word' id='word_1_334' title='bbox 659 2878 704 2882; x_wconf 85' lang='lat'>—</span> <span class='ocrx_word' id='word_1_335' title='bbox 731 2861 799 2894; x_wconf 76' lang='lat'>944</span> <span class='ocrx_word' id='word_1_336' title='bbox 825 2858 918 2894; x_wconf 88' lang='lat' dir='ltr'>olm</span> <span class='ocrx_word' id='word_1_337' title='bbox 937 2870 958 2914; x_wconf 62' lang='lat'>3</span> <span class='ocrx_word' id='word_1_338' title='bbox 977 2869 1027 2903; x_wconf 82' lang='lat' dir='ltr'>gc</span> <span class='ocrx_word' id='word_1_339' title='bbox 1062 2878 1104 2883; x_wconf 89' lang='lat'>-—</span> <span class='ocrx_word' id='word_1_340' title='bbox 1133 2861 1199 2894; x_wconf 74' lang='lat'>945</span> <span class='ocrx_word' id='word_1_341' title='bbox 1224 2863 1320 2894; x_wconf 75' lang='lat' dir='ltr'>artes</span> <span class='ocrx_word' id='word_1_342' title='bbox 1338 2870 1358 2893; x_wconf 88' lang='lat' dir='ltr'>o</span> <span class='ocrx_word' id='word_1_343' title='bbox 1385 2872 1454 2904; x_wconf 76' lang='lat' dir='ltr'>qua</span> <span class='ocrx_word' id='word_1_344' title='bbox 1473 2870 1493 2891; x_wconf 77' lang='lat' dir='ltr'>o</span> <span class='ocrx_word' id='word_1_345' title='bbox 1529 2880 1568 2884; x_wconf 84' lang='lat'>-</span> <span class='ocrx_word' id='word_1_346' title='bbox 1601 2863 1666 2895; x_wconf 74' lang='grc'><strong>946</strong></span> <span class='ocrx_word' id='word_1_347' title='bbox 1694 2873 1761 2903; x_wconf 77' lang='lat' dir='ltr'>qua</span> <span class='ocrx_word' id='word_1_348' title='bbox 1781 2871 1802 2895; x_wconf 86' lang='lat' dir='ltr'>o</span> <span class='ocrx_word' id='word_1_349' title='bbox 1831 2880 1872 2884; x_wconf 97' lang='lat'><strong>—</strong></span> 
     </span>
     <span class='ocr_line' id='line_1_40' title="bbox 146 2922 1265 2968; baseline 0.004 -14"><span class='ocrx_word' id='word_1_350' title='bbox 146 2922 211 2956; x_wconf 25' lang='lat'>9⁷17</span> <span class='ocrx_word' id='word_1_351' title='bbox 238 2922 294 2955; x_wconf 69' lang='lat' dir='ltr'>illo</span> <span class='ocrx_word' id='word_1_352' title='bbox 314 2932 333 2953; x_wconf 78' lang='lat' dir='ltr'>o</span> <span class='ocrx_word' id='word_1_353' title='bbox 363 2942 402 2945; x_wconf 98' lang='lat'><strong>—</strong></span> <span class='ocrx_word' id='word_1_354' title='bbox 433 2924 498 2957; x_wconf 77' lang='lat'>949</span> <span class='ocrx_word' id='word_1_355' title='bbox 527 2925 633 2957; x_wconf 66' lang='lat' dir='ltr'>terris·</span> <span class='ocrx_word' id='word_1_356' title='bbox 651 2933 671 2958; x_wconf 88' lang='grc' dir='ltr'>ο</span> <span class='ocrx_word' id='word_1_357' title='bbox 698 2924 820 2958; x_wconf 74' lang='lat' dir='ltr'>mersit</span> <span class='ocrx_word' id='word_1_358' title='bbox 841 2935 860 2956; x_wconf 76' lang='lat' dir='ltr'>o</span> <span class='ocrx_word' id='word_1_359' title='bbox 891 2943 930 2946; x_wconf 24' lang='grc' dir='ltr'>-κ-</span> <span class='ocrx_word' id='word_1_360' title='bbox 959 2925 1027 2957; x_wconf 75' lang='grc'><strong>950</strong></span> <span class='ocrx_word' id='word_1_361' title='bbox 1054 2929 1215 2968; x_wconf 66' lang='lat' dir='ltr'>terraque</span> <span class='ocrx_word' id='word_1_362' title='bbox 1234 2935 1265 2959; x_wconf 88' lang='grc' dir='ltr'>ο.</span> 
     </span>
    </p>
   </div>
  </div>
 </body>
</html>
