<?xml version="1.0" encoding="UTF-8"?>
<!DOCTYPE html PUBLIC "-//W3C//DTD XHTML 1.0 Transitional//EN"
    "http://www.w3.org/TR/xhtml1/DTD/xhtml1-transitional.dtd">
<html xmlns="http://www.w3.org/1999/xhtml" xml:lang="en" lang="en">
 <head>
  <title>
</title>
<meta http-equiv="Content-Type" content="text/html;charset=utf-8" />
  <meta name='ocr-system' content='tesseract 3.04.00' />
  <meta name='ocr-capabilities' content='ocr_page ocr_carea ocr_par ocr_line ocrx_word'/>
</head>
<body>
  <div class='ocr_page' id='page_1' title='image "astronomicahrsgv00maniuoft_0135.png"; bbox 0 0 2106 3334; ppageno 0'>
   <div class='ocr_carea' id='block_1_1' title="bbox 787 75 1864 118">
    <p class='ocr_par' dir='ltr' id='par_1_1' title="bbox 787 75 1864 118">
     <span class='ocr_line' id='line_1_1' title="bbox 787 75 1864 118; baseline 0.006 -7"><span class='ocrx_word' id='word_1_1' title='bbox 787 76 896 112; x_wconf 89' lang='lat' dir='ltr'>Liber</span> <span class='ocrx_word' id='word_1_2' title='bbox 920 75 981 111; x_wconf 91' lang='lat' dir='ltr'>IV.</span> <span class='ocrx_word' id='word_1_3' title='bbox 1031 77 1228 113; x_wconf 80' lang='lat'>676—702.</span> <span class='ocrx_word' id='word_1_4' title='bbox 1785 77 1864 118; x_wconf 89' lang='lat'>113</span> 
     </span>
    </p>
   </div>
   <div class='ocr_carea' id='block_1_2' title="bbox 284 219 1667 2120">
    <p class='ocr_par' dir='ltr' id='par_1_2' title="bbox 356 219 1348 275">
     <span class='ocr_line' id='line_1_2' title="bbox 356 219 1348 275; baseline -0.001 -14"><span class='ocrx_word' id='word_1_5' title='bbox 356 224 501 275; x_wconf 88' lang='lat' dir='ltr'>totque</span> <span class='ocrx_word' id='word_1_6' title='bbox 533 220 651 261; x_wconf 89' lang='lat' dir='ltr'>illum</span> <span class='ocrx_word' id='word_1_7' title='bbox 684 219 797 260; x_wconf 87' lang='lat' dir='ltr'>circa</span> <span class='ocrx_word' id='word_1_8' title='bbox 829 219 964 260; x_wconf 87' lang='lat' dir='ltr'>diuiso</span> <span class='ocrx_word' id='word_1_9' title='bbox 997 219 1167 260; x_wconf 90' lang='lat' dir='ltr'>nomine</span> <span class='ocrx_word' id='word_1_10' title='bbox 1199 222 1348 273; x_wconf 80' lang='lat' dir='ltr'>gentes</span> 
     </span>
    </p>

    <p class='ocr_par' dir='ltr' id='par_1_3' title="bbox 357 288 1548 344">
     <span class='ocr_line' id='line_1_3' title="bbox 357 288 1548 344; baseline -0.002 -13"><span class='ocrx_word' id='word_1_11' title='bbox 357 291 410 331; x_wconf 88' lang='lat' dir='ltr'>ad</span> <span class='ocrx_word' id='word_1_12' title='bbox 443 290 623 331; x_wconf 85' lang='lat' dir='ltr'>Tanaim</span> <span class='ocrx_word' id='word_1_13' title='bbox 656 290 862 344; x_wconf 77' lang='lat' dir='ltr'>Scythicis</span> <span class='ocrx_word' id='word_1_14' title='bbox 895 290 1164 330; x_wconf 81' lang='lat' dir='ltr'>dirimentem</span> <span class='ocrx_word' id='word_1_15' title='bbox 1195 289 1393 330; x_wconf 88' lang='lat' dir='ltr'>fluctibus</span> <span class='ocrx_word' id='word_1_16' title='bbox 1426 288 1548 329; x_wconf 87' lang='lat' dir='ltr'>orbes</span> 
     </span>
    </p>

    <p class='ocr_par' dir='ltr' id='par_1_4' title="bbox 355 360 1368 416">
     <span class='ocr_line' id='line_1_4' title="bbox 355 360 1368 416; baseline -0.002 -14"><span class='ocrx_word' id='word_1_17' title='bbox 355 361 617 416; x_wconf 86' lang='lat' dir='ltr'>Maeotisque</span> <span class='ocrx_word' id='word_1_18' title='bbox 649 361 767 402; x_wconf 83' lang='lat' dir='ltr'>lacus</span> <span class='ocrx_word' id='word_1_19' title='bbox 802 361 1038 415; x_wconf 73' lang='lat' dir='ltr'>Euxinique</span> <span class='ocrx_word' id='word_1_20' title='bbox 1072 374 1222 414; x_wconf 86' lang='lat' dir='ltr'>aspera</span> <span class='ocrx_word' id='word_1_21' title='bbox 1250 360 1368 414; x_wconf 90' lang='lat' dir='ltr'>ponti</span> 
     </span>
    </p>

    <p class='ocr_par' dir='ltr' id='par_1_5' title="bbox 284 430 1667 557">
     <span class='ocr_line' id='line_1_5' title="bbox 356 430 1667 486; baseline -0.002 -13"><span class='ocrx_word' id='word_1_22' title='bbox 356 446 542 486; x_wconf 84' lang='lat' dir='ltr'>aequora</span> <span class='ocrx_word' id='word_1_23' title='bbox 573 432 627 473; x_wconf 82' lang='lat' dir='ltr'>ad</span> <span class='ocrx_word' id='word_1_24' title='bbox 660 436 980 486; x_wconf 80' lang='lat' dir='ltr'>extremumque</span> <span class='ocrx_word' id='word_1_25' title='bbox 1012 430 1295 486; x_wconf 83' lang='lat' dir='ltr'>Propontidos</span> <span class='ocrx_word' id='word_1_26' title='bbox 1328 430 1667 485; x_wconf 83' lang='lat' dir='ltr'>Hellespontum.</span> 
     </span>
     <span class='ocr_line' id='line_1_6' title="bbox 284 502 1397 557; baseline -0.003 -13"><span class='ocrx_word' id='word_1_27' title='bbox 284 517 337 544; x_wconf 71' lang='lat' dir='ltr'>oso</span> <span class='ocrx_word' id='word_1_28' title='bbox 356 503 466 544; x_wconf 86' lang='lat' dir='ltr'>hanc</span> <span class='ocrx_word' id='word_1_29' title='bbox 499 503 627 544; x_wconf 84' lang='lat' dir='ltr'>Asiae</span> <span class='ocrx_word' id='word_1_30' title='bbox 658 507 815 544; x_wconf 90' lang='lat' dir='ltr'>metam</span> <span class='ocrx_word' id='word_1_31' title='bbox 848 503 988 557; x_wconf 82' lang='lat' dir='ltr'>posuit</span> <span class='ocrx_word' id='word_1_32' title='bbox 1018 506 1172 543; x_wconf 88' lang='lat' dir='ltr'>natura</span> <span class='ocrx_word' id='word_1_33' title='bbox 1202 502 1397 556; x_wconf 88' lang='lat' dir='ltr'>potentis.</span> 
     </span>
    </p>

    <p class='ocr_par' dir='ltr' id='par_1_6' title="bbox 356 572 1618 628">
     <span class='ocr_line' id='line_1_7' title="bbox 356 572 1618 628; baseline -0.002 -14"><span class='ocrx_word' id='word_1_34' title='bbox 356 574 468 628; x_wconf 89' lang='lat' dir='ltr'>quod</span> <span class='ocrx_word' id='word_1_35' title='bbox 499 578 692 628; x_wconf 85' lang='lat' dir='ltr'>superest</span> <span class='ocrx_word' id='word_1_36' title='bbox 721 573 897 628; x_wconf 85' lang='lat' dir='ltr'>Europa</span> <span class='ocrx_word' id='word_1_37' title='bbox 928 576 1055 624; x_wconf 86' lang='lat' dir='ltr'>tenet,</span> <span class='ocrx_word' id='word_1_38' title='bbox 1090 586 1199 627; x_wconf 89' lang='lat' dir='ltr'>quae</span> <span class='ocrx_word' id='word_1_39' title='bbox 1231 572 1369 626; x_wconf 83' lang='lat' dir='ltr'>prima</span> <span class='ocrx_word' id='word_1_40' title='bbox 1402 576 1618 613; x_wconf 87' lang='lat' dir='ltr'>natantem</span> 
     </span>
    </p>

    <p class='ocr_par' dir='ltr' id='par_1_7' title="bbox 357 643 1518 699">
     <span class='ocr_line' id='line_1_8' title="bbox 357 643 1518 699; baseline -0.002 -14"><span class='ocrx_word' id='word_1_41' title='bbox 357 644 553 685; x_wconf 85' lang='lat' dir='ltr'>fluctibus</span> <span class='ocrx_word' id='word_1_42' title='bbox 586 644 834 699; x_wconf 82' lang='lat' dir='ltr'>excepitque</span> <span class='ocrx_word' id='word_1_43' title='bbox 865 643 1013 684; x_wconf 90' lang='lat' dir='ltr'>Iouem</span> <span class='ocrx_word' id='word_1_44' title='bbox 1046 648 1300 697; x_wconf 86' lang='lat' dir='ltr'>taurumque</span> <span class='ocrx_word' id='word_1_45' title='bbox 1332 643 1518 683; x_wconf 85' lang='lat' dir='ltr'>resoluit.</span> 
     </span>
    </p>

    <p class='ocr_par' dir='ltr' id='par_1_8' title="bbox 351 711 1464 766">
     <span class='ocr_line' id='line_1_9' title="bbox 351 711 1464 766; baseline -0.003 -12"><span class='ocrx_word' id='word_1_46' title='bbox 351 727 514 766; x_wconf 73' lang='lat' dir='ltr'>ponere</span> <span class='ocrx_word' id='word_1_47' title='bbox 541 726 679 766; x_wconf 75' lang='lat' dir='ltr'>passa</span> <span class='ocrx_word' id='word_1_48' title='bbox 709 726 810 754; x_wconf 81' lang='lat' dir='ltr'>suos</span> <span class='ocrx_word' id='word_1_49' title='bbox 842 711 958 766; x_wconf 73' lang='lat' dir='ltr'>iynis</span> <span class='ocrx_word' id='word_1_50' title='bbox 992 726 1116 754; x_wconf 73' lang='lat' dir='ltr'>onere</span> <span class='ocrx_word' id='word_1_51' title='bbox 1151 714 1277 764; x_wconf 78' lang='lat' dir='ltr'>atque</span> <span class='ocrx_word' id='word_1_52' title='bbox 1311 711 1464 752; x_wconf 77' lang='lat' dir='ltr'>leuari.</span> 
     </span>
    </p>

    <p class='ocr_par' dir='ltr' id='par_1_9' title="bbox 357 785 1176 841">
     <span class='ocr_line' id='line_1_10' title="bbox 357 785 1176 841; baseline -0.002 -15"><span class='ocrx_word' id='word_1_53' title='bbox 357 786 427 826; x_wconf 94' lang='lat' dir='ltr'>ille</span> <span class='ocrx_word' id='word_1_54' title='bbox 458 786 639 841; x_wconf 86' lang='lat' dir='ltr'>puellari</span> <span class='ocrx_word' id='word_1_55' title='bbox 670 785 846 826; x_wconf 85' lang='lat' dir='ltr'>donauit</span> <span class='ocrx_word' id='word_1_56' title='bbox 876 785 1048 825; x_wconf 90' lang='lat' dir='ltr'>nomine</span> <span class='ocrx_word' id='word_1_57' title='bbox 1078 785 1176 825; x_wconf 88' lang='lat' dir='ltr'>litus</span> 
     </span>
    </p>

    <p class='ocr_par' dir='ltr' id='par_1_10' title="bbox 288 855 1362 898">
     <span class='ocr_line' id='line_1_11' title="bbox 288 855 1362 898; baseline -0.002 -1"><span class='ocrx_word' id='word_1_58' title='bbox 288 870 340 898; x_wconf 72' lang='lat'>685</span> <span class='ocrx_word' id='word_1_59' title='bbox 361 860 402 896; x_wconf 93' lang='lat' dir='ltr'>et</span> <span class='ocrx_word' id='word_1_60' title='bbox 433 857 695 897; x_wconf 88' lang='lat' dir='ltr'>monimenta</span> <span class='ocrx_word' id='word_1_61' title='bbox 727 855 792 897; x_wconf 90' lang='lat' dir='ltr'>sui</span> <span class='ocrx_word' id='word_1_62' title='bbox 824 856 944 896; x_wconf 87' lang='lat' dir='ltr'>titulo</span> <span class='ocrx_word' id='word_1_63' title='bbox 978 855 1163 896; x_wconf 86' lang='lat' dir='ltr'>sacrauit</span> <span class='ocrx_word' id='word_1_64' title='bbox 1194 855 1362 895; x_wconf 89' lang='lat' dir='ltr'>amoris.</span> 
     </span>
    </p>

    <p class='ocr_par' dir='ltr' id='par_1_11' title="bbox 303 925 1475 1194">
     <span class='ocr_line' id='line_1_12' title="bbox 303 925 1396 968; baseline -0.001 -1"><span class='ocrx_word' id='word_1_65' title='bbox 303 925 305 927; x_wconf 69' lang='grc'><strong>’</strong></span> <span class='ocrx_word' id='word_1_66' title='bbox 357 927 543 968; x_wconf 78' lang='lat' dir='ltr'>maxima</span> <span class='ocrx_word' id='word_1_67' title='bbox 574 931 688 967; x_wconf 88' lang='lat' dir='ltr'>terra</span> <span class='ocrx_word' id='word_1_68' title='bbox 720 926 822 967; x_wconf 84' lang='lat' dir='ltr'>uiris</span> <span class='ocrx_word' id='word_1_69' title='bbox 855 930 897 967; x_wconf 85' lang='lat' dir='ltr'>et</span> <span class='ocrx_word' id='word_1_70' title='bbox 927 926 1232 967; x_wconf 86' lang='lat' dir='ltr'>fecundissima</span> <span class='ocrx_word' id='word_1_71' title='bbox 1263 926 1396 967; x_wconf 89' lang='lat' dir='ltr'>doctis</span> 
     </span>
     <span class='ocr_line' id='line_1_13' title="bbox 357 997 1433 1052; baseline 0 -14"><span class='ocrx_word' id='word_1_72' title='bbox 357 998 552 1038; x_wconf 82' lang='lat' dir='ltr'>urbibus:</span> <span class='ocrx_word' id='word_1_73' title='bbox 586 998 627 1038; x_wconf 93' lang='lat' dir='ltr'>in</span> <span class='ocrx_word' id='word_1_74' title='bbox 661 1011 841 1052; x_wconf 81' lang='lat' dir='ltr'>regnum</span> <span class='ocrx_word' id='word_1_75' title='bbox 873 997 1073 1038; x_wconf 89' lang='lat' dir='ltr'>florentes</span> <span class='ocrx_word' id='word_1_76' title='bbox 1105 997 1191 1038; x_wconf 89' lang='lat' dir='ltr'>oris</span> <span class='ocrx_word' id='word_1_77' title='bbox 1223 997 1433 1049; x_wconf 78' lang='lat' dir='ltr'>Athenae,</span> 
     </span>
     <span class='ocr_line' id='line_1_14' title="bbox 359 1068 1475 1122; baseline -0.001 -13"><span class='ocrx_word' id='word_1_78' title='bbox 359 1068 512 1122; x_wconf 82' lang='lat' dir='ltr'>Sparta</span> <span class='ocrx_word' id='word_1_79' title='bbox 543 1083 687 1119; x_wconf 84' lang='lat' dir='ltr'>manu,</span> <span class='ocrx_word' id='word_1_80' title='bbox 720 1068 894 1109; x_wconf 85' lang='lat' dir='ltr'>Thebae</span> <span class='ocrx_word' id='word_1_81' title='bbox 927 1068 1050 1120; x_wconf 84' lang='lat' dir='ltr'>diuis,</span> <span class='ocrx_word' id='word_1_82' title='bbox 1085 1072 1126 1109; x_wconf 89' lang='lat' dir='ltr'>et</span> <span class='ocrx_word' id='word_1_83' title='bbox 1157 1082 1257 1122; x_wconf 84' lang='lat' dir='ltr'>rege</span> <span class='ocrx_word' id='word_1_84' title='bbox 1289 1068 1359 1108; x_wconf 91' lang='lat' dir='ltr'>uel</span> <span class='ocrx_word' id='word_1_85' title='bbox 1391 1082 1475 1109; x_wconf 91' lang='lat' dir='ltr'>uno</span> 
     </span>
     <span class='ocr_line' id='line_1_15' title="bbox 358 1139 1411 1194; baseline 0 -14"><span class='ocrx_word' id='word_1_86' title='bbox 358 1140 554 1194; x_wconf 89' lang='lat' dir='ltr'>princeps</span> <span class='ocrx_word' id='word_1_87' title='bbox 587 1139 707 1181; x_wconf 85' lang='lat' dir='ltr'>Pella</span> <span class='ocrx_word' id='word_1_88' title='bbox 738 1140 901 1192; x_wconf 79' lang='lat' dir='ltr'>domus,</span> <span class='ocrx_word' id='word_1_89' title='bbox 937 1139 1109 1181; x_wconf 85' lang='lat' dir='ltr'>Troiani</span> <span class='ocrx_word' id='word_1_90' title='bbox 1143 1140 1280 1194; x_wconf 83' lang='lat' dir='ltr'>gratia</span> <span class='ocrx_word' id='word_1_91' title='bbox 1314 1139 1411 1180; x_wconf 89' lang='lat' dir='ltr'>belli</span> 
     </span>
    </p>

    <p class='ocr_par' dir='ltr' id='par_1_12' title="bbox 287 1210 1497 1550">
     <span class='ocr_line' id='line_1_16' title="bbox 287 1210 1424 1267; baseline 0.002 -17"><span class='ocrx_word' id='word_1_92' title='bbox 287 1225 339 1252; x_wconf 81' lang='lat'>690</span> <span class='ocrx_word' id='word_1_93' title='bbox 359 1210 582 1252; x_wconf 85' lang='lat' dir='ltr'>Thessalia</span> <span class='ocrx_word' id='word_1_94' title='bbox 613 1211 850 1267; x_wconf 86' lang='lat' dir='ltr'>Epirosque</span> <span class='ocrx_word' id='word_1_95' title='bbox 882 1215 1031 1266; x_wconf 88' lang='lat' dir='ltr'>potens</span> <span class='ocrx_word' id='word_1_96' title='bbox 1063 1211 1290 1266; x_wconf 88' lang='lat' dir='ltr'>uicinaque</span> <span class='ocrx_word' id='word_1_97' title='bbox 1323 1211 1424 1266; x_wconf 89' lang='lat' dir='ltr'>ripis</span> 
     </span>
     <span class='ocr_line' id='line_1_17' title="bbox 358 1281 1403 1337; baseline 0 -15"><span class='ocrx_word' id='word_1_98' title='bbox 358 1281 498 1337; x_wconf 87' lang='lat' dir='ltr'>Illyris</span> <span class='ocrx_word' id='word_1_99' title='bbox 531 1286 572 1323; x_wconf 91' lang='lat' dir='ltr'>et</span> <span class='ocrx_word' id='word_1_100' title='bbox 603 1282 768 1323; x_wconf 87' lang='lat' dir='ltr'>Threce</span> <span class='ocrx_word' id='word_1_101' title='bbox 800 1281 979 1323; x_wconf 87' lang='lat' dir='ltr'>Martem</span> <span class='ocrx_word' id='word_1_102' title='bbox 1013 1282 1160 1323; x_wconf 87' lang='lat' dir='ltr'>sortita</span> <span class='ocrx_word' id='word_1_103' title='bbox 1193 1282 1403 1333; x_wconf 82' lang='lat' dir='ltr'>colonum,</span> 
     </span>
     <span class='ocr_line' id='line_1_18' title="bbox 360 1352 1395 1408; baseline 0 -14"><span class='ocrx_word' id='word_1_104' title='bbox 360 1357 401 1393; x_wconf 93' lang='lat' dir='ltr'>et</span> <span class='ocrx_word' id='word_1_105' title='bbox 432 1353 670 1408; x_wconf 85' lang='lat' dir='ltr'>stupefacta</span> <span class='ocrx_word' id='word_1_106' title='bbox 702 1367 798 1394; x_wconf 87' lang='lat' dir='ltr'>suos</span> <span class='ocrx_word' id='word_1_107' title='bbox 831 1354 940 1394; x_wconf 89' lang='lat' dir='ltr'>inter</span> <span class='ocrx_word' id='word_1_108' title='bbox 973 1352 1206 1394; x_wconf 83' lang='lat' dir='ltr'>Germania</span> <span class='ocrx_word' id='word_1_109' title='bbox 1236 1357 1395 1408; x_wconf 83' lang='lat' dir='ltr'>partus,</span> 
     </span>
     <span class='ocr_line' id='line_1_19' title="bbox 361 1423 1410 1479; baseline 0 -15"><span class='ocrx_word' id='word_1_110' title='bbox 361 1423 500 1465; x_wconf 84' lang='lat' dir='ltr'>Gallia</span> <span class='ocrx_word' id='word_1_111' title='bbox 532 1439 607 1479; x_wconf 90' lang='lat' dir='ltr'>per</span> <span class='ocrx_word' id='word_1_112' title='bbox 639 1439 805 1478; x_wconf 85' lang='lat' dir='ltr'>census,</span> <span class='ocrx_word' id='word_1_113' title='bbox 838 1424 1048 1479; x_wconf 88' lang='lat' dir='ltr'>Hispania</span> <span class='ocrx_word' id='word_1_114' title='bbox 1079 1425 1265 1465; x_wconf 84' lang='lat' dir='ltr'>maxima</span> <span class='ocrx_word' id='word_1_115' title='bbox 1297 1424 1410 1475; x_wconf 83' lang='lat' dir='ltr'>belli,</span> 
     </span>
     <span class='ocr_line' id='line_1_20' title="bbox 359 1495 1497 1550; baseline 0 -14"><span class='ocrx_word' id='word_1_116' title='bbox 359 1495 484 1536; x_wconf 86' lang='lat' dir='ltr'>Italia</span> <span class='ocrx_word' id='word_1_117' title='bbox 515 1497 558 1537; x_wconf 94' lang='lat' dir='ltr'>in</span> <span class='ocrx_word' id='word_1_118' title='bbox 591 1511 769 1547; x_wconf 78' lang='lat' dir='ltr'>summa,</span> <span class='ocrx_word' id='word_1_119' title='bbox 804 1510 932 1550; x_wconf 88' lang='lat' dir='ltr'>quam</span> <span class='ocrx_word' id='word_1_120' title='bbox 963 1510 1106 1537; x_wconf 90' lang='lat' dir='ltr'>rerum</span> <span class='ocrx_word' id='word_1_121' title='bbox 1139 1496 1327 1537; x_wconf 80' lang='lat' dir='ltr'>maxima</span> <span class='ocrx_word' id='word_1_122' title='bbox 1357 1495 1497 1537; x_wconf 87' lang='lat' dir='ltr'>Roma</span> 
     </span>
    </p>

    <p class='ocr_par' dir='ltr' id='par_1_13' title="bbox 289 1567 1492 1906">
     <span class='ocr_line' id='line_1_21' title="bbox 289 1567 1367 1622; baseline 0.001 -16"><span class='ocrx_word' id='word_1_123' title='bbox 289 1581 341 1607; x_wconf 81' lang='lat'>695</span> <span class='ocrx_word' id='word_1_124' title='bbox 362 1567 563 1621; x_wconf 87' lang='lat' dir='ltr'>imposuit</span> <span class='ocrx_word' id='word_1_125' title='bbox 594 1568 717 1608; x_wconf 91' lang='lat' dir='ltr'>terris</span> <span class='ocrx_word' id='word_1_126' title='bbox 751 1567 953 1621; x_wconf 88' lang='lat' dir='ltr'>caeloque</span> <span class='ocrx_word' id='word_1_127' title='bbox 985 1567 1233 1622; x_wconf 82' lang='lat' dir='ltr'>adiungitur</span> <span class='ocrx_word' id='word_1_128' title='bbox 1264 1568 1367 1622; x_wconf 86' lang='lat' dir='ltr'>ipsa.</span> 
     </span>
     <span class='ocr_line' id='line_1_22' title="bbox 361 1638 1432 1693; baseline 0.001 -15"><span class='ocrx_word' id='word_1_129' title='bbox 361 1638 437 1679; x_wconf 86' lang='lat' dir='ltr'>hos</span> <span class='ocrx_word' id='word_1_130' title='bbox 470 1639 550 1679; x_wconf 87' lang='lat' dir='ltr'>erit</span> <span class='ocrx_word' id='word_1_131' title='bbox 580 1639 623 1679; x_wconf 90' lang='lat' dir='ltr'>in</span> <span class='ocrx_word' id='word_1_132' title='bbox 656 1638 761 1679; x_wconf 91' lang='lat' dir='ltr'>fines</span> <span class='ocrx_word' id='word_1_133' title='bbox 794 1639 907 1679; x_wconf 89' lang='lat' dir='ltr'>orbis</span> <span class='ocrx_word' id='word_1_134' title='bbox 938 1642 1177 1693; x_wconf 85' lang='lat' dir='ltr'>pontusque</span> <span class='ocrx_word' id='word_1_135' title='bbox 1208 1638 1432 1679; x_wconf 83' lang='lat' dir='ltr'>notandus.</span> 
     </span>
     <span class='ocr_line' id='line_1_23' title="bbox 362 1708 1480 1764; baseline 0 -15"><span class='ocrx_word' id='word_1_136' title='bbox 362 1723 487 1763; x_wconf 88' lang='lat' dir='ltr'>quem</span> <span class='ocrx_word' id='word_1_137' title='bbox 522 1709 626 1750; x_wconf 87' lang='lat' dir='ltr'>deus</span> <span class='ocrx_word' id='word_1_138' title='bbox 659 1710 701 1750; x_wconf 90' lang='lat' dir='ltr'>in</span> <span class='ocrx_word' id='word_1_139' title='bbox 733 1713 876 1764; x_wconf 82' lang='lat' dir='ltr'>partes</span> <span class='ocrx_word' id='word_1_140' title='bbox 909 1713 951 1749; x_wconf 92' lang='lat' dir='ltr'>et</span> <span class='ocrx_word' id='word_1_141' title='bbox 982 1709 1150 1763; x_wconf 76' lang='lat' dir='ltr'>singula</span> <span class='ocrx_word' id='word_1_142' title='bbox 1181 1708 1334 1750; x_wconf 89' lang='lat' dir='ltr'>diuidit</span> <span class='ocrx_word' id='word_1_143' title='bbox 1365 1714 1480 1750; x_wconf 88' lang='lat' dir='ltr'>astra</span> 
     </span>
     <span class='ocr_line' id='line_1_24' title="bbox 363 1780 1492 1835; baseline 0 -14"><span class='ocrx_word' id='word_1_144' title='bbox 363 1793 411 1820; x_wconf 85' lang='lat' dir='ltr'>ac</span> <span class='ocrx_word' id='word_1_145' title='bbox 443 1794 520 1821; x_wconf 86' lang='lat' dir='ltr'>sua</span> <span class='ocrx_word' id='word_1_146' title='bbox 552 1781 705 1835; x_wconf 86' lang='lat' dir='ltr'>cuique</span> <span class='ocrx_word' id='word_1_147' title='bbox 737 1780 854 1820; x_wconf 86' lang='lat' dir='ltr'>dedit</span> <span class='ocrx_word' id='word_1_148' title='bbox 884 1780 1043 1821; x_wconf 89' lang='lat' dir='ltr'>tutelae</span> <span class='ocrx_word' id='word_1_149' title='bbox 1076 1794 1209 1835; x_wconf 87' lang='lat' dir='ltr'>regna</span> <span class='ocrx_word' id='word_1_150' title='bbox 1239 1794 1316 1835; x_wconf 89' lang='lat' dir='ltr'>per</span> <span class='ocrx_word' id='word_1_151' title='bbox 1348 1780 1492 1821; x_wconf 88' lang='lat' dir='ltr'>orbem</span> 
     </span>
     <span class='ocr_line' id='line_1_25' title="bbox 364 1851 1476 1906; baseline 0.002 -16"><span class='ocrx_word' id='word_1_152' title='bbox 364 1855 404 1890; x_wconf 86' lang='lat' dir='ltr'>et</span> <span class='ocrx_word' id='word_1_153' title='bbox 434 1851 629 1906; x_wconf 87' lang='lat' dir='ltr'>proprias</span> <span class='ocrx_word' id='word_1_154' title='bbox 661 1856 809 1906; x_wconf 81' lang='lat' dir='ltr'>gentes</span> <span class='ocrx_word' id='word_1_155' title='bbox 842 1855 968 1906; x_wconf 88' lang='lat' dir='ltr'>atque</span> <span class='ocrx_word' id='word_1_156' title='bbox 1000 1851 1127 1892; x_wconf 87' lang='lat' dir='ltr'>urbes</span> <span class='ocrx_word' id='word_1_157' title='bbox 1160 1851 1322 1892; x_wconf 85' lang='lat' dir='ltr'>addidit</span> <span class='ocrx_word' id='word_1_158' title='bbox 1354 1851 1476 1905; x_wconf 86' lang='lat' dir='ltr'>altas,</span> 
     </span>
    </p>

    <p class='ocr_par' dir='ltr' id='par_1_14' title="bbox 292 1922 1515 2120">
     <span class='ocr_line' id='line_1_26' title="bbox 292 1922 1478 1977; baseline 0 -15"><span class='ocrx_word' id='word_1_159' title='bbox 292 1937 344 1962; x_wconf 83' lang='lat'>700</span> <span class='ocrx_word' id='word_1_160' title='bbox 364 1922 405 1962; x_wconf 90' lang='lat' dir='ltr'>in</span> <span class='ocrx_word' id='word_1_161' title='bbox 440 1923 592 1977; x_wconf 88' lang='lat' dir='ltr'>quibus</span> <span class='ocrx_word' id='word_1_162' title='bbox 624 1927 864 1964; x_wconf 83' lang='lat' dir='ltr'>assererent</span> <span class='ocrx_word' id='word_1_163' title='bbox 894 1923 1149 1977; x_wconf 84' lang='lat' dir='ltr'>praestantis</span> <span class='ocrx_word' id='word_1_164' title='bbox 1183 1923 1322 1964; x_wconf 88' lang='lat' dir='ltr'>sidera</span> <span class='ocrx_word' id='word_1_165' title='bbox 1353 1923 1478 1963; x_wconf 89' lang='lat' dir='ltr'>uires.</span> 
     </span>
     <span class='ocr_line' id='line_1_27' title="bbox 365 1994 1457 2049; baseline 0.001 -16"><span class='ocrx_word' id='word_1_166' title='bbox 365 2007 413 2034; x_wconf 88' lang='lat' dir='ltr'>ac</span> <span class='ocrx_word' id='word_1_167' title='bbox 445 1994 563 2034; x_wconf 88' lang='lat' dir='ltr'>uelut</span> <span class='ocrx_word' id='word_1_168' title='bbox 593 1994 781 2035; x_wconf 88' lang='lat' dir='ltr'>humana</span> <span class='ocrx_word' id='word_1_169' title='bbox 813 1997 876 2035; x_wconf 88' lang='lat' dir='ltr'>est</span> <span class='ocrx_word' id='word_1_170' title='bbox 908 1994 1040 2048; x_wconf 83' lang='lat' dir='ltr'>signis</span> <span class='ocrx_word' id='word_1_171' title='bbox 1073 1994 1275 2049; x_wconf 86' lang='lat' dir='ltr'>discripta</span> <span class='ocrx_word' id='word_1_172' title='bbox 1306 1994 1457 2049; x_wconf 84' lang='lat' dir='ltr'>figura,</span> 
     </span>
     <span class='ocr_line' id='line_1_28' title="bbox 365 2065 1515 2120; baseline 0.002 -16"><span class='ocrx_word' id='word_1_173' title='bbox 365 2068 423 2116; x_wconf 80' lang='lat' dir='ltr'>ut,</span> <span class='ocrx_word' id='word_1_174' title='bbox 457 2079 716 2120; x_wconf 89' lang='lat' dir='ltr'>quamquam</span> <span class='ocrx_word' id='word_1_175' title='bbox 750 2065 986 2106; x_wconf 85' lang='lat' dir='ltr'>communis</span> <span class='ocrx_word' id='word_1_176' title='bbox 1019 2069 1087 2106; x_wconf 84' lang='lat' dir='ltr'>eat</span> <span class='ocrx_word' id='word_1_177' title='bbox 1118 2065 1251 2106; x_wconf 87' lang='lat' dir='ltr'>tutela</span> <span class='ocrx_word' id='word_1_178' title='bbox 1282 2079 1358 2120; x_wconf 91' lang='lat' dir='ltr'>per</span> <span class='ocrx_word' id='word_1_179' title='bbox 1389 2078 1515 2106; x_wconf 89' lang='lat' dir='ltr'>omne</span> 
     </span>
    </p>
   </div>
   <div class='ocr_carea' id='block_1_3' title="bbox 160 2143 437 2153">
    <p class='ocr_par' dir='ltr' id='par_1_15' title="bbox 160 2143 437 2153">
     <span class='ocr_line' id='line_1_29' title="bbox 160 2143 437 2153; baseline 0 0"><span class='ocrx_word' id='word_1_180' title='bbox 160 2143 437 2153; x_wconf 95' lang='lat' dir='ltr'> </span> 
     </span>
    </p>
   </div>
   <div class='ocr_carea' id='block_1_4' title="bbox 296 2178 1888 2238">
    <p class='ocr_par' dir='ltr' id='par_1_16' title="bbox 296 2178 1888 2238">
     <span class='ocr_line' id='line_1_30' title="bbox 296 2178 1888 2238; baseline -0.001 -10"><span class='ocrx_word' id='word_1_181' title='bbox 296 2194 364 2229; x_wconf 89' lang='lat'>676</span> <span class='ocrx_word' id='word_1_182' title='bbox 393 2194 552 2229; x_wconf 80' lang='lat' dir='ltr'>diuisum</span> <span class='ocrx_word' id='word_1_183' title='bbox 567 2203 586 2228; x_wconf 87' lang='lat' dir='ltr'>c</span> <span class='ocrx_word' id='word_1_184' title='bbox 612 2194 728 2229; x_wconf 79' lang='lat' dir='ltr'>diuiso</span> <span class='ocrx_word' id='word_1_185' title='bbox 746 2204 773 2226; x_wconf 89' lang='grc' dir='ltr'>ω</span> <span class='ocrx_word' id='word_1_186' title='bbox 793 2215 836 2219; x_wconf 85' lang='lat'>-—-</span> <span class='ocrx_word' id='word_1_187' title='bbox 855 2195 922 2230; x_wconf 90' lang='lat'>677</span> <span class='ocrx_word' id='word_1_188' title='bbox 942 2178 1005 2229; x_wconf 63' lang='lat' dir='ltr'>ail</span> <span class='ocrx_word' id='word_1_189' title='bbox 1029 2197 1067 2229; x_wconf 80' lang='lat' dir='ltr'>at</span> <span class='ocrx_word' id='word_1_190' title='bbox 1081 2203 1118 2229; x_wconf 88' lang='lat' dir='ltr'>m</span> <span class='ocrx_word' id='word_1_191' title='bbox 1142 2206 1182 2229; x_wconf 87' lang='lat' dir='ltr'>ac</span> <span class='ocrx_word' id='word_1_192' title='bbox 1196 2203 1248 2238; x_wconf 83' lang='lat' dir='ltr'>gc</span> <span class='ocrx_word' id='word_1_193' title='bbox 1273 2193 1442 2237; x_wconf 58' lang='lat' dir='ltr'>tantaml</span> <span class='ocrx_word' id='word_1_194' title='bbox 1467 2196 1608 2229; x_wconf 77' lang='lat' dir='ltr'>tantum</span> <span class='ocrx_word' id='word_1_195' title='bbox 1622 2203 1674 2237; x_wconf 84' lang='lat' dir='ltr'>gc</span> <span class='ocrx_word' id='word_1_196' title='bbox 1699 2194 1837 2227; x_wconf 76' lang='lat' dir='ltr'>tantam</span> <span class='ocrx_word' id='word_1_197' title='bbox 1851 2202 1888 2227; x_wconf 91' lang='lat' dir='ltr'>m</span> 
     </span>
    </p>
   </div>
   <div class='ocr_carea' id='block_1_5' title="bbox 154 2253 1889 2386">
    <p class='ocr_par' dir='ltr' id='par_1_17' title="bbox 154 2246 1889 2386">
     <span class='ocr_line' id='line_1_31' title="bbox 154 2253 1889 2328; baseline -0.001 -36"><span class='ocrx_word' id='word_1_198' title='bbox 154 2259 286 2292; x_wconf 77' lang='lat' dir='ltr'>sciticis</span> <span class='ocrx_word' id='word_1_199' title='bbox 305 2257 317 2292; x_wconf 95' lang='lat' dir='ltr'>l</span> <span class='ocrx_word' id='word_1_200' title='bbox 341 2259 482 2293; x_wconf 76' lang='lat' dir='ltr'>sciticas</span> <span class='ocrx_word' id='word_1_201' title='bbox 500 2268 552 2302; x_wconf 83' lang='lat' dir='ltr'>gc</span> <span class='ocrx_word' id='word_1_202' title='bbox 577 2259 753 2304; x_wconf 70' lang='lat' dir='ltr'>scyclcicas</span> <span class='ocrx_word' id='word_1_203' title='bbox 773 2268 809 2293; x_wconf 89' lang='lat' dir='ltr'>m</span> <span class='ocrx_word' id='word_1_204' title='bbox 836 2259 940 2294; x_wconf 78' lang='lat' dir='ltr'>urbes</span> <span class='ocrx_word' id='word_1_205' title='bbox 958 2268 982 2303; x_wconf 83' lang='lat' dir='ltr'>g</span> <span class='ocrx_word' id='word_1_206' title='bbox 1006 2260 1104 2294; x_wconf 86' lang='lat' dir='ltr'>orbes</span> <span class='ocrx_word' id='word_1_207' title='bbox 1122 2270 1149 2291; x_wconf 89' lang='grc' dir='ltr'>ω</span> <span class='ocrx_word' id='word_1_208' title='bbox 1169 2278 1210 2283; x_wconf 92' lang='grc'>-</span> <span class='ocrx_word' id='word_1_209' title='bbox 1237 2261 1305 2295; x_wconf 82' lang='grc'>678</span> <span class='ocrx_word' id='word_1_210' title='bbox 1329 2260 1520 2303; x_wconf 76' lang='lat' dir='ltr'>moetisque</span> <span class='ocrx_word' id='word_1_211' title='bbox 1543 2270 1646 2294; x_wconf 77' lang='lat' dir='ltr'>sacas</span> <span class='ocrx_word' id='word_1_212' title='bbox 1662 2268 1711 2328; x_wconf 46' lang='lat'>11¹1¹</span> <span class='ocrx_word' id='word_1_213' title='bbox 1726 2253 1854 2292; x_wconf 67' lang='grc' dir='ltr'><em>εαοεέηἱ</em></span> <span class='ocrx_word' id='word_1_214' title='bbox 1876 2256 1889 2291; x_wconf 96' lang='grc'>1</span> 
     </span>
     <span class='ocr_line' id='line_1_32' title="bbox 1651 2310 1731 2330; baseline -0.025 0"><span class='ocrx_word' id='word_1_215' title='bbox 1651 2310 1674 2330; x_wconf 66' lang='lat'>-4-</span> <span class='ocrx_word' id='word_1_216' title='bbox 1705 2312 1731 2329; x_wconf 76' lang='lat'>10</span> 
     </span>
     <span class='ocr_line' id='line_1_33' title="bbox 156 2339 1889 2386; baseline -0.001 -11"><span class='ocrx_word' id='word_1_217' title='bbox 156 2342 285 2376; x_wconf 68' lang='lat' dir='ltr'>eumeni</span> <span class='ocrx_word' id='word_1_218' title='bbox 299 2350 334 2375; x_wconf 86' lang='grc'>111</span> <span class='ocrx_word' id='word_1_219' title='bbox 357 2360 397 2363; x_wconf 85' lang='lat'>——</span> <span class='ocrx_word' id='word_1_220' title='bbox 417 2342 485 2377; x_wconf 90' lang='lat'>679</span> <span class='ocrx_word' id='word_1_221' title='bbox 501 2344 532 2376; x_wconf 78' lang='lat' dir='ltr'>et</span> <span class='ocrx_word' id='word_1_222' title='bbox 546 2345 744 2377; x_wconf 76' lang='lat' dir='ltr'>eoetremum</span> <span class='ocrx_word' id='word_1_223' title='bbox 762 2342 1016 2386; x_wconf 75' lang='lat' dir='ltr'>Proprontidos</span> <span class='ocrx_word' id='word_1_224' title='bbox 1030 2352 1050 2376; x_wconf 88' lang='grc' dir='ltr'><strong>Ο</strong></span> <span class='ocrx_word' id='word_1_225' title='bbox 1070 2364 1113 2368; x_wconf 73' lang='lat'>—</span> <span class='ocrx_word' id='word_1_226' title='bbox 1132 2344 1200 2377; x_wconf 87' lang='lat'>680</span> <span class='ocrx_word' id='word_1_227' title='bbox 1218 2342 1309 2377; x_wconf 76' lang='lat' dir='ltr'>hanc</span> <span class='ocrx_word' id='word_1_228' title='bbox 1323 2341 1421 2377; x_wconf 89' lang='grc' dir='ltr'>ο111.1</span> <span class='ocrx_word' id='word_1_229' title='bbox 1439 2341 1494 2384; x_wconf 87' lang='lat' dir='ltr'>(in</span> <span class='ocrx_word' id='word_1_230' title='bbox 1510 2351 1630 2385; x_wconf 80' lang='lat' dir='ltr'>marg.</span> <span class='ocrx_word' id='word_1_231' title='bbox 1641 2339 1745 2382; x_wconf 77' lang='lat' dir='ltr'>hanc)</span> <span class='ocrx_word' id='word_1_232' title='bbox 1766 2350 1838 2375; x_wconf 89' lang='grc'>0111.</span> <span class='ocrx_word' id='word_1_233' title='bbox 1853 2350 1889 2374; x_wconf 86' lang='grc'>111</span> 
     </span>
    </p>
   </div>
   <div class='ocr_carea' id='block_1_6' title="bbox 156 2406 1892 3034">
    <p class='ocr_par' dir='ltr' id='par_1_18' title="bbox 156 2406 1892 3034">
     <span class='ocr_line' id='line_1_34' title="bbox 156 2406 1890 2457; baseline 0 -17"><span class='ocrx_word' id='word_1_234' title='bbox 156 2406 246 2440; x_wconf 77' lang='lat' dir='ltr'>hanc</span> <span class='ocrx_word' id='word_1_235' title='bbox 263 2416 288 2449; x_wconf 83' lang='lat' dir='ltr'>g</span> <span class='ocrx_word' id='word_1_236' title='bbox 312 2406 369 2441; x_wconf 71' lang='lat' dir='ltr'>liic</span> <span class='ocrx_word' id='word_1_237' title='bbox 389 2416 408 2441; x_wconf 82' lang='lat' dir='ltr'>c</span> <span class='ocrx_word' id='word_1_238' title='bbox 434 2425 475 2429; x_wconf 86' lang='lat'>—</span> <span class='ocrx_word' id='word_1_239' title='bbox 501 2408 567 2442; x_wconf 88' lang='lat'>681</span> <span class='ocrx_word' id='word_1_240' title='bbox 587 2418 653 2457; x_wconf 67' lang='lat' dir='ltr'>que</span> <span class='ocrx_word' id='word_1_241' title='bbox 666 2406 757 2450; x_wconf 83' lang='lat' dir='ltr'>lgm</span> <span class='ocrx_word' id='word_1_242' title='bbox 783 2410 804 2452; x_wconf 68' lang='grc' dir='ltr'><strong><em>ᾷ</em></strong></span> <span class='ocrx_word' id='word_1_243' title='bbox 822 2418 842 2442; x_wconf 90' lang='lat' dir='ltr'>c</span> <span class='ocrx_word' id='word_1_244' title='bbox 860 2428 903 2431; x_wconf 97' lang='lat'><strong>—</strong></span> <span class='ocrx_word' id='word_1_245' title='bbox 924 2409 993 2444; x_wconf 78' lang='lat'>682</span> <span class='ocrx_word' id='word_1_246' title='bbox 1019 2409 1155 2451; x_wconf 76' lang='lat' dir='ltr'>eaecepit</span> <span class='ocrx_word' id='word_1_247' title='bbox 1177 2408 1302 2443; x_wconf 79' lang='lat' dir='ltr'>Iouem</span> <span class='ocrx_word' id='word_1_248' title='bbox 1320 2416 1344 2451; x_wconf 85' lang='lat' dir='ltr'><strong>g</strong></span> <span class='ocrx_word' id='word_1_249' title='bbox 1366 2429 1412 2433; x_wconf 90' lang='lat'>—</span> <span class='ocrx_word' id='word_1_250' title='bbox 1436 2408 1506 2442; x_wconf 83' lang='grc'>683</span> <span class='ocrx_word' id='word_1_251' title='bbox 1519 2407 1679 2451; x_wconf 74' lang='lat' dir='ltr'>pondere</span> <span class='ocrx_word' id='word_1_252' title='bbox 1697 2415 1718 2440; x_wconf 93' lang='lat' dir='ltr'>o</span> <span class='ocrx_word' id='word_1_253' title='bbox 1738 2416 1850 2449; x_wconf 76' lang='lat' dir='ltr'>passa</span> <span class='ocrx_word' id='word_1_254' title='bbox 1868 2414 1890 2440; x_wconf 92' lang='lat'>0</span> 
     </span>
     <span class='ocr_line' id='line_1_35' title="bbox 156 2470 1889 2517; baseline 0 -12"><span class='ocrx_word' id='word_1_255' title='bbox 156 2472 316 2516; x_wconf 71' lang='lat' dir='ltr'>suosiym·</span> <span class='ocrx_word' id='word_1_256' title='bbox 338 2470 412 2515; x_wconf 80' lang='lat' dir='ltr'>lgc</span> <span class='ocrx_word' id='word_1_257' title='bbox 450 2473 616 2515; x_wconf 75' lang='lat' dir='ltr'>onerique</span> <span class='ocrx_word' id='word_1_258' title='bbox 638 2471 713 2515; x_wconf 87' lang='lat' dir='ltr'>lgc</span> <span class='ocrx_word' id='word_1_259' title='bbox 750 2473 899 2508; x_wconf 76' lang='lat' dir='ltr'>iuuauit</span> <span class='ocrx_word' id='word_1_260' title='bbox 923 2482 943 2507; x_wconf 93' lang='lat' dir='ltr'>o</span> <span class='ocrx_word' id='word_1_261' title='bbox 980 2484 1043 2508; x_wconf 78' lang='lat' dir='ltr'>sao</span> <span class='ocrx_word' id='word_1_262' title='bbox 1065 2473 1177 2517; x_wconf 75' lang='lat' dir='ltr'>siqmo</span> <span class='ocrx_word' id='word_1_263' title='bbox 1202 2473 1349 2516; x_wconf 77' lang='lat' dir='ltr'>uerique</span> <span class='ocrx_word' id='word_1_264' title='bbox 1368 2482 1405 2507; x_wconf 87' lang='lat' dir='ltr'>m</span> <span class='ocrx_word' id='word_1_265' title='bbox 1440 2491 1481 2495; x_wconf 92' lang='lat'>—</span> <span class='ocrx_word' id='word_1_266' title='bbox 1514 2473 1583 2507; x_wconf 83' lang='lat'>684</span> <span class='ocrx_word' id='word_1_267' title='bbox 1608 2472 1676 2506; x_wconf 84' lang='lat' dir='ltr'>illa</span> <span class='ocrx_word' id='word_1_268' title='bbox 1695 2471 1718 2514; x_wconf 68' lang='lat' dir='ltr'>l,</span> <span class='ocrx_word' id='word_1_269' title='bbox 1743 2471 1829 2506; x_wconf 82' lang='lat' dir='ltr'>litus</span> <span class='ocrx_word' id='word_1_270' title='bbox 1852 2479 1889 2504; x_wconf 89' lang='lat' dir='ltr'>m</span> 
     </span>
     <span class='ocr_line' id='line_1_36' title="bbox 160 2525 1891 2582; baseline 0 -12"><span class='ocrx_word' id='word_1_271' title='bbox 160 2537 276 2571; x_wconf 72' lang='lat' dir='ltr'>luctus</span> <span class='ocrx_word' id='word_1_272' title='bbox 296 2546 323 2568; x_wconf 87' lang='grc' dir='ltr'>ω</span> <span class='ocrx_word' id='word_1_273' title='bbox 361 2555 406 2559; x_wconf 87' lang='grc'>-</span> <span class='ocrx_word' id='word_1_274' title='bbox 444 2538 512 2572; x_wconf 79' lang='lat'>685</span> <span class='ocrx_word' id='word_1_275' title='bbox 550 2538 769 2572; x_wconf 73' lang='lat' dir='ltr'>monimenta</span> <span class='ocrx_word' id='word_1_276' title='bbox 790 2548 814 2582; x_wconf 81' lang='lat' dir='ltr'>g</span> <span class='ocrx_word' id='word_1_277' title='bbox 851 2525 1082 2573; x_wconf 56' lang='lat' dir='ltr'>mondmenta</span> <span class='ocrx_word' id='word_1_278' title='bbox 1106 2536 1119 2571; x_wconf 95' lang='grc'>1</span> <span class='ocrx_word' id='word_1_279' title='bbox 1156 2540 1386 2572; x_wconf 75' lang='lat' dir='ltr'>monumenta</span> <span class='ocrx_word' id='word_1_280' title='bbox 1410 2547 1448 2572; x_wconf 89' lang='lat' dir='ltr'>m</span> <span class='ocrx_word' id='word_1_281' title='bbox 1485 2537 1550 2572; x_wconf 83' lang='lat' dir='ltr'>sub</span> <span class='ocrx_word' id='word_1_282' title='bbox 1566 2525 1618 2547; x_wconf 74' lang='lat'>¹¹⁰⁶</span> <span class='ocrx_word' id='word_1_283' title='bbox 1635 2536 1740 2571; x_wconf 71' lang='lat' dir='ltr'>titulo</span> <span class='ocrx_word' id='word_1_284' title='bbox 1764 2535 1777 2569; x_wconf 96' lang='lat' dir='ltr'>l</span> <span class='ocrx_word' id='word_1_285' title='bbox 1818 2536 1891 2570; x_wconf 79' lang='lat' dir='ltr'>sui-</span> 
     </span>
     <span class='ocr_line' id='line_1_37' title="bbox 159 2601 1890 2644; baseline -0.001 -9"><span class='ocrx_word' id='word_1_286' title='bbox 159 2601 264 2636; x_wconf 78' lang='lat' dir='ltr'>titulo</span> <span class='ocrx_word' id='word_1_287' title='bbox 280 2610 314 2634; x_wconf 87' lang='lat' dir='ltr'>m</span> <span class='ocrx_word' id='word_1_288' title='bbox 340 2602 404 2636; x_wconf 82' lang='lat' dir='ltr'>sab</span> <span class='ocrx_word' id='word_1_289' title='bbox 422 2602 482 2636; x_wconf 80' lang='lat' dir='ltr'>hoc</span> <span class='ocrx_word' id='word_1_290' title='bbox 500 2605 522 2636; x_wconf 83' lang='lat' dir='ltr'>t.</span> <span class='ocrx_word' id='word_1_291' title='bbox 540 2612 559 2636; x_wconf 92' lang='lat' dir='ltr'>c</span> <span class='ocrx_word' id='word_1_292' title='bbox 584 2622 626 2625; x_wconf 86' lang='lat'>—</span> <span class='ocrx_word' id='word_1_293' title='bbox 652 2603 719 2637; x_wconf 88' lang='lat'>687</span> <span class='ocrx_word' id='word_1_294' title='bbox 744 2602 886 2637; x_wconf 77' lang='lat' dir='ltr'>orbibus</span> <span class='ocrx_word' id='word_1_295' title='bbox 904 2612 939 2637; x_wconf 88' lang='lat' dir='ltr'>m</span> <span class='ocrx_word' id='word_1_296' title='bbox 966 2621 1008 2625; x_wconf 97' lang='lat'><strong>—</strong></span> <span class='ocrx_word' id='word_1_297' title='bbox 1033 2603 1102 2638; x_wconf 87' lang='grc'><strong>688</strong></span> <span class='ocrx_word' id='word_1_298' title='bbox 1126 2602 1279 2637; x_wconf 77' lang='lat' dir='ltr'>thebaso</span> <span class='ocrx_word' id='word_1_299' title='bbox 1304 2601 1462 2638; x_wconf 78' lang='lat' dir='ltr'>diuisetl</span> <span class='ocrx_word' id='word_1_300' title='bbox 1486 2603 1668 2637; x_wconf 77' lang='lat' dir='ltr'>diuisetm</span> <span class='ocrx_word' id='word_1_301' title='bbox 1695 2601 1890 2644; x_wconf 77' lang='lat' dir='ltr'>diuisitgc</span> 
     </span>
     <span class='ocr_line' id='line_1_38' title="bbox 159 2662 1890 2712; baseline -0.001 -11"><span class='ocrx_word' id='word_1_302' title='bbox 159 2688 203 2691; x_wconf 97' lang='lat'><strong>—</strong></span> <span class='ocrx_word' id='word_1_303' title='bbox 236 2666 304 2701; x_wconf 86' lang='lat'>689</span> <span class='ocrx_word' id='word_1_304' title='bbox 342 2667 409 2701; x_wconf 82' lang='lat' dir='ltr'>illa</span> <span class='ocrx_word' id='word_1_305' title='bbox 433 2676 454 2701; x_wconf 95' lang='lat' dir='ltr'>o</span> <span class='ocrx_word' id='word_1_306' title='bbox 496 2667 644 2702; x_wconf 75' lang='lat' dir='ltr'>Troiani</span> <span class='ocrx_word' id='word_1_307' title='bbox 666 2666 724 2702; x_wconf 85' lang='lat' dir='ltr'>lm</span> <span class='ocrx_word' id='word_1_308' title='bbox 762 2668 914 2702; x_wconf 75' lang='lat' dir='ltr'>Traiani</span> <span class='ocrx_word' id='word_1_309' title='bbox 937 2677 991 2711; x_wconf 85' lang='lat' dir='ltr'>gc</span> <span class='ocrx_word' id='word_1_310' title='bbox 1023 2668 1145 2712; x_wconf 74' lang='lat' dir='ltr'>yrccia</span> <span class='ocrx_word' id='word_1_311' title='bbox 1169 2676 1189 2701; x_wconf 87' lang='lat' dir='ltr'>c</span> <span class='ocrx_word' id='word_1_312' title='bbox 1222 2679 1286 2712; x_wconf 74' lang='lat' dir='ltr'>yre</span> <span class='ocrx_word' id='word_1_313' title='bbox 1309 2677 1334 2711; x_wconf 85' lang='lat' dir='ltr'>g</span> <span class='ocrx_word' id='word_1_314' title='bbox 1371 2689 1416 2694; x_wconf 90' lang='lat'>—</span> <span class='ocrx_word' id='word_1_315' title='bbox 1453 2668 1520 2702; x_wconf 91' lang='lat'>691</span> <span class='ocrx_word' id='word_1_316' title='bbox 1559 2662 1658 2703; x_wconf 73' lang='grc' dir='ltr'><em>Ιινὲεε</em></span> <span class='ocrx_word' id='word_1_317' title='bbox 1680 2665 1694 2700; x_wconf 95' lang='grc'>1</span> <span class='ocrx_word' id='word_1_318' title='bbox 1731 2666 1830 2701; x_wconf 78' lang='grc' dir='ltr'><em>Ιιγεοε</em></span> <span class='ocrx_word' id='word_1_319' title='bbox 1853 2674 1890 2699; x_wconf 90' lang='lat' dir='ltr'>m</span> 
     </span>
     <span class='ocr_line' id='line_1_39' title="bbox 161 2730 1892 2776; baseline 0.001 -11"><span class='ocrx_word' id='word_1_320' title='bbox 161 2731 279 2766; x_wconf 78' lang='lat' dir='ltr'>thrace</span> <span class='ocrx_word' id='word_1_321' title='bbox 302 2740 355 2775; x_wconf 78' lang='lat' dir='ltr'>gc</span> <span class='ocrx_word' id='word_1_322' title='bbox 396 2750 437 2754; x_wconf 90' lang='lat'>--</span> <span class='ocrx_word' id='word_1_323' title='bbox 476 2732 544 2767; x_wconf 85' lang='lat'>693</span> <span class='ocrx_word' id='word_1_324' title='bbox 570 2743 636 2776; x_wconf 78' lang='lat' dir='ltr'>pre</span> <span class='ocrx_word' id='word_1_325' title='bbox 667 2732 821 2767; x_wconf 78' lang='lat' dir='ltr'>censusl</span> <span class='ocrx_word' id='word_1_326' title='bbox 854 2733 936 2768; x_wconf 83' lang='lat' dir='ltr'>belli</span> <span class='ocrx_word' id='word_1_327' title='bbox 960 2741 981 2767; x_wconf 93' lang='lat' dir='ltr'>o</span> <span class='ocrx_word' id='word_1_328' title='bbox 1015 2751 1057 2755; x_wconf 91' lang='lat'>—</span> <span class='ocrx_word' id='word_1_329' title='bbox 1083 2733 1153 2767; x_wconf 86' lang='lat'>694</span> <span class='ocrx_word' id='word_1_330' title='bbox 1183 2732 1336 2768; x_wconf 81' lang='lat' dir='ltr'>Italiam</span> <span class='ocrx_word' id='word_1_331' title='bbox 1354 2731 1413 2767; x_wconf 90' lang='lat' dir='ltr'>lm</span> <span class='ocrx_word' id='word_1_332' title='bbox 1438 2732 1554 2767; x_wconf 80' lang='lat' dir='ltr'>Italia</span> <span class='ocrx_word' id='word_1_333' title='bbox 1573 2743 1599 2764; x_wconf 91' lang='grc' dir='ltr'>ω</span> <span class='ocrx_word' id='word_1_334' title='bbox 1632 2732 1672 2766; x_wconf 77' lang='lat' dir='ltr'>in</span> <span class='ocrx_word' id='word_1_335' title='bbox 1696 2730 1892 2766; x_wconf 73' lang='lat' dir='ltr'>summale</span> 
     </span>
     <span class='ocr_line' id='line_1_40' title="bbox 160 2795 1889 2841; baseline 0.001 -11"><span class='ocrx_word' id='word_1_336' title='bbox 160 2796 200 2830; x_wconf 74' lang='lat' dir='ltr'>in</span> <span class='ocrx_word' id='word_1_337' title='bbox 221 2807 363 2831; x_wconf 81' lang='lat' dir='ltr'>summa</span> <span class='ocrx_word' id='word_1_338' title='bbox 381 2806 445 2840; x_wconf 86' lang='lat' dir='ltr'>gm</span> <span class='ocrx_word' id='word_1_339' title='bbox 471 2815 513 2820; x_wconf 88' lang='lat'>-—</span> <span class='ocrx_word' id='word_1_340' title='bbox 537 2798 605 2832; x_wconf 82' lang='lat'>695</span> <span class='ocrx_word' id='word_1_341' title='bbox 630 2798 790 2841; x_wconf 74' lang='lat' dir='ltr'>inposuit</span> <span class='ocrx_word' id='word_1_342' title='bbox 811 2807 845 2831; x_wconf 88' lang='lat' dir='ltr'>m</span> <span class='ocrx_word' id='word_1_343' title='bbox 873 2816 915 2820; x_wconf 90' lang='lat'><em>-</em></span> <span class='ocrx_word' id='word_1_344' title='bbox 939 2798 1007 2832; x_wconf 88' lang='lat'>696</span> <span class='ocrx_word' id='word_1_345' title='bbox 1031 2797 1092 2832; x_wconf 77' lang='lat' dir='ltr'>hoc</span> <span class='ocrx_word' id='word_1_346' title='bbox 1109 2795 1198 2831; x_wconf 85' lang='lat' dir='ltr'>lmc</span> <span class='ocrx_word' id='word_1_347' title='bbox 1222 2797 1283 2832; x_wconf 83' lang='lat' dir='ltr'>hos</span> <span class='ocrx_word' id='word_1_348' title='bbox 1301 2806 1395 2832; x_wconf 83' lang='lat' dir='ltr'>corr.</span> <span class='ocrx_word' id='word_1_349' title='bbox 1416 2806 1461 2831; x_wconf 83' lang='lat' dir='ltr'>ex</span> <span class='ocrx_word' id='word_1_350' title='bbox 1479 2797 1540 2831; x_wconf 79' lang='lat' dir='ltr'>hoc</span> <span class='ocrx_word' id='word_1_351' title='bbox 1558 2806 1582 2840; x_wconf 87' lang='lat' dir='ltr'>g</span> <span class='ocrx_word' id='word_1_352' title='bbox 1607 2797 1789 2831; x_wconf 72' lang='lat' dir='ltr'>uocandus</span> <span class='ocrx_word' id='word_1_353' title='bbox 1806 2805 1827 2830; x_wconf 93' lang='lat' dir='ltr'>o</span> <span class='ocrx_word' id='word_1_354' title='bbox 1847 2814 1889 2819; x_wconf 91' lang='lat'>—</span> 
     </span>
     <span class='ocr_line' id='line_1_41' title="bbox 161 2857 1887 2906; baseline 0.001 -11"><span class='ocrx_word' id='word_1_355' title='bbox 161 2862 227 2897; x_wconf 90' lang='lat'>697</span> <span class='ocrx_word' id='word_1_356' title='bbox 247 2864 279 2896; x_wconf 76' lang='lat' dir='ltr'>et</span> <span class='ocrx_word' id='word_1_357' title='bbox 296 2862 440 2905; x_wconf 75' lang='lat' dir='ltr'>sinyala</span> <span class='ocrx_word' id='word_1_358' title='bbox 459 2870 479 2895; x_wconf 92' lang='grc' dir='ltr'>ο</span> <span class='ocrx_word' id='word_1_359' title='bbox 497 2883 542 2887; x_wconf 80' lang='lat'>—-</span> <span class='ocrx_word' id='word_1_360' title='bbox 560 2863 629 2897; x_wconf 87' lang='lat'>698</span> <span class='ocrx_word' id='word_1_361' title='bbox 656 2863 769 2897; x_wconf 76' lang='lat' dir='ltr'>tutela</span> <span class='ocrx_word' id='word_1_362' title='bbox 790 2872 826 2896; x_wconf 90' lang='grc'>111</span> <span class='ocrx_word' id='word_1_363' title='bbox 847 2883 890 2887; x_wconf 87' lang='lat'>—-</span> <span class='ocrx_word' id='word_1_364' title='bbox 908 2862 975 2897; x_wconf 88' lang='lat'>700</span> <span class='ocrx_word' id='word_1_365' title='bbox 994 2857 1222 2906; x_wconf 60' lang='lat' dir='ltr'>aijsererentl</span> <span class='ocrx_word' id='word_1_366' title='bbox 1245 2863 1320 2897; x_wconf 87' lang='lat' dir='ltr'>ads.</span> <span class='ocrx_word' id='word_1_367' title='bbox 1337 2872 1373 2897; x_wconf 87' lang='lat' dir='ltr'>m</span> <span class='ocrx_word' id='word_1_368' title='bbox 1400 2873 1466 2897; x_wconf 88' lang='lat' dir='ltr'>ass.</span> <span class='ocrx_word' id='word_1_369' title='bbox 1486 2871 1538 2905; x_wconf 84' lang='lat' dir='ltr'>gc</span> <span class='ocrx_word' id='word_1_370' title='bbox 1557 2863 1786 2905; x_wconf 75' lang='lat' dir='ltr'>praestantes</span> <span class='ocrx_word' id='word_1_371' title='bbox 1803 2870 1825 2895; x_wconf 91' lang='lat' dir='ltr'>o</span> <span class='ocrx_word' id='word_1_372' title='bbox 1845 2880 1887 2884; x_wconf 93' lang='lat'>—</span> 
     </span>
     <span class='ocr_line' id='line_1_42' title="bbox 161 2926 1519 2972; baseline 0.001 -12"><span class='ocrx_word' id='word_1_373' title='bbox 161 2927 227 2961; x_wconf 90' lang='lat'>701</span> <span class='ocrx_word' id='word_1_374' title='bbox 255 2926 401 2971; x_wconf 68' lang='lat' dir='ltr'>seynisl</span> <span class='ocrx_word' id='word_1_375' title='bbox 427 2928 603 2971; x_wconf 70' lang='lat' dir='ltr'>descripta</span> <span class='ocrx_word' id='word_1_376' title='bbox 621 2937 642 2962; x_wconf 94' lang='lat' dir='ltr'>o</span> <span class='ocrx_word' id='word_1_377' title='bbox 671 2946 712 2950; x_wconf 88' lang='lat'>-</span> <span class='ocrx_word' id='word_1_378' title='bbox 739 2928 807 2963; x_wconf 79' lang='lat'>702</span> <span class='ocrx_word' id='word_1_379' title='bbox 833 2930 864 2962; x_wconf 78' lang='lat' dir='ltr'>et</span> <span class='ocrx_word' id='word_1_380' title='bbox 891 2926 1034 2962; x_wconf 79' lang='lat' dir='ltr'>tutelal</span> <span class='ocrx_word' id='word_1_381' title='bbox 1060 2930 1092 2962; x_wconf 79' lang='lat' dir='ltr'>et</span> <span class='ocrx_word' id='word_1_382' title='bbox 1119 2930 1185 2962; x_wconf 77' lang='lat' dir='ltr'>tut.</span> <span class='ocrx_word' id='word_1_383' title='bbox 1204 2937 1241 2961; x_wconf 89' lang='grc'>111</span> <span class='ocrx_word' id='word_1_384' title='bbox 1267 2930 1346 2963; x_wconf 79' lang='lat' dir='ltr'>erat</span> <span class='ocrx_word' id='word_1_385' title='bbox 1364 2937 1388 2972; x_wconf 85' lang='lat' dir='ltr'><strong>g</strong></span> <span class='ocrx_word' id='word_1_386' title='bbox 1414 2930 1470 2962; x_wconf 77' lang='lat' dir='ltr'>eat</span> <span class='ocrx_word' id='word_1_387' title='bbox 1489 2936 1519 2961; x_wconf 85' lang='lat' dir='ltr'>c.</span> 
     </span>
     <span class='ocr_line' id='line_1_43' title="bbox 237 2999 1779 3034; baseline 0.001 -2"><span class='ocrx_word' id='word_1_388' title='bbox 237 3009 376 3034; x_wconf 63' lang='lat' dir='ltr'>Mannum.</span> <span class='ocrx_word' id='word_1_389' title='bbox 409 3010 426 3034; x_wconf 87' lang='lat' dir='ltr'>l.</span> <span class='ocrx_word' id='word_1_390' title='bbox 1757 2999 1779 3033; x_wconf 75' lang='grc'><strong>8</strong></span> 
     </span>
    </p>
   </div>
  </div>
 </body>
</html>
