2106 3334
192 109 273 149 120
832 102 944 139 Liber
970 102 1029 138 IV.
1080 103 1278 138 874—903.

393 254 434 290 et
465 248 665 290 fraudare
698 247 832 297 bonis,
866 260 976 300 quae
1008 260 1086 286 nec
1118 245 1222 286 deus
1256 245 1419 286 inuidet
1450 246 1552 300 ipse,

321 335 373 362 875
394 333 583 374 quosque
616 318 732 358 dedit
764 321 916 358 natura
947 317 1090 358 oculos
1123 316 1335 371 deponere
1367 316 1550 357 mentis?

392 390 670 445 perspicimus
704 389 886 439 caelum3
920 403 995 429 cur
1026 402 1111 429 non
1144 392 1186 428 et
1218 402 1395 428 munera
1428 387 1561 428 caeli?

390 462 517 516 inque
550 461 664 515 ipsos
697 459 865 514 penitus
897 459 1045 500 mundi
1078 458 1336 499 descendere
1370 473 1519 499 census

394 532 711 586 seminibusque
743 531 829 572 suis
862 534 1023 572 tantam
1058 543 1312 584 componere
1345 529 1501 571 molem

394 608 436 644 et
466 607 635 659 partum
669 602 775 643 caeli
808 616 886 643 sua
916 616 993 656 per
1025 601 1208 642 nutricia
1239 601 1350 642 ferre

322 690 374 718 880
394 679 716 729 extremumque
748 674 868 728 sequi
900 676 1076 727 pontum
1109 676 1332 727 terraeque
1365 673 1506 713 subire

392 746 618 801 pendentis
651 749 810 786 tractus
843 748 884 786 et
915 748 1002 785 toto
1037 745 1183 785 uiuere
1215 745 1257 784 in
1291 744 1407 795 orbe,

395 821 553 873 quanta
584 821 627 858 et
657 831 755 872 pars
788 819 994 871 superest,
1028 815 1235 856 rationem
1268 815 1423 856 ducere
1457 816 1599 856 nostis.

393 889 478 930 iam
512 902 723 943 nusquam
755 891 909 929 natura
939 888 1062 939 latet3
1095 886 1357 941 peruidimus
1391 901 1558 928 omnem

397 964 437 1000 et
469 963 591 1014 capto
624 959 811 1014 potimur
842 959 1001 1000 mundo
1035 962 1311 1013 nostrumque
1344 963 1563 1012 parentem

325 1046 377 1074 885
397 1045 495 1086 pars
527 1045 604 1072 sua
634 1031 929 1086 perspicimus,
963 1030 1179 1084 genitique
1211 1029 1452 1070 accedimus
1485 1030 1621 1070 astris.

394 1117 447 1143 an
481 1102 657 1143 dubium
691 1106 766 1155 est,
798 1103 992 1144 habitare
1024 1102 1151 1143 deum
1185 1102 1262 1142 sub
1295 1105 1464 1156 pectore
1497 1105 1654 1152 nostro,

396 1173 439 1214 in
473 1174 723 1229 caelumque
755 1174 894 1215 redire
928 1173 1091 1215 animas
1124 1173 1327 1227 caeloque
1361 1172 1535 1214 uenire?

397 1249 526 1300 utque
560 1246 614 1286 sit
645 1259 695 1286 ex
729 1245 844 1286 omni
877 1248 1142 1286 constructus
1177 1258 1351 1299 corpore
1384 1243 1580 1294 mundus,

397 1316 506 1357 aeris
539 1321 665 1371 atque
698 1317 809 1371 ignis
842 1317 996 1357 summi
1029 1320 1252 1370 terraeque
1285 1315 1514 1369 marisque,

325 1402 378 1428 890
398 1388 570 1442 spiritus
603 1391 644 1428 et
675 1391 791 1428 motu
823 1387 988 1442 rapido,
1022 1401 1132 1441 quae
1162 1387 1290 1438 iussa,
1323 1387 1546 1440 gubernet,

398 1458 457 1499 sic
489 1473 581 1500 esse
614 1459 657 1499 in
690 1458 811 1500 nobis
844 1462 1039 1499 terrenae
1073 1471 1253 1512 corpora
1284 1457 1408 1498 sortis

397 1531 738 1585 sanguineasque
771 1529 949 1582 animas,
985 1530 1188 1581 animum,
1223 1529 1294 1583 qui
1327 1532 1479 1569 cuncta
1510 1528 1722 1583 gubernat

399 1602 700 1657 dispensatque
733 1601 977 1643 hominem?
1041 1601 1143 1656 quid
1174 1601 1343 1651 mirum,
1377 1614 1553 1652 noscere
1586 1600 1792 1651 mundum

402 1674 436 1714 si
468 1677 645 1728 possunt
676 1673 883 1725 homines,
917 1673 1071 1728 quibus
1104 1676 1166 1714 est
1198 1677 1239 1714 et
1269 1672 1455 1713 mundus
1486 1672 1531 1712 in
1562 1671 1678 1726 ipsis,

330 1760 382 1786 895
403 1745 731 1800 exemplumque
764 1745 832 1786 dei
864 1745 1044 1799 quisque
1077 1748 1140 1785 est
1171 1744 1213 1784 in
1247 1743 1433 1797 imagine
1465 1742 1627 1798 parua?

400 1831 452 1857 an
487 1816 684 1870 cuiquam
717 1816 894 1870 genitos,
928 1815 1011 1857 nisi
1043 1815 1175 1867 caelo,
1210 1815 1382 1855 credere
1415 1814 1479 1855 fas
1513 1818 1576 1855 est

400 1901 491 1928 esse
524 1887 744 1928 homines?
807 1887 996 1942 proiecta
1028 1887 1167 1927 iacent
1199 1886 1402 1927 animalia
1435 1889 1586 1926 cuncta

400 1959 441 1999 in
476 1962 589 2000 terra
620 1959 688 1999 uel
720 1972 860 2000 mersa
891 1958 1013 1999 uadis
1044 1958 1112 1998 uel
1144 1958 1186 1998 in
1220 1961 1317 1998 aere
1351 1956 1557 2011 pendent,

401 2030 598 2071 omnibus
631 2044 715 2071 una
747 2030 881 2085 quies,
914 2034 1064 2071 uenter
1097 2043 1333 2083 censusque
1365 2042 1440 2083 per
1473 2032 1601 2079 artus,

329 2115 382 2142 900
403 2107 443 2142 et
476 2102 576 2156 quia
608 2102 831 2143 consilium
864 2116 949 2143 non
981 2106 1057 2154 est,
1091 2104 1132 2142 et
1162 2101 1309 2155 lingua
1341 2100 1530 2141 remissa.

401 2173 526 2214 unius
559 2174 771 2228 inspectus
804 2187 946 2214 rerum
979 2173 1177 2227 uiresque
1208 2172 1410 2226 loquendi

402 2245 705 2300 ingeniumque
738 2259 890 2300 capax3
924 2245 1151 2299 uariasque
1184 2243 1377 2284 educitur
1409 2246 1521 2283 artes

403 2315 469 2356 hic
502 2320 661 2370 partus,
695 2317 766 2371 qui
800 2320 953 2358 cuncta
984 2315 1112 2370 regit:
1147 2314 1320 2356 secessit
1350 2315 1390 2355 in
1424 2314 1564 2366 urbes,

333 2512 402 2547 876
411 2522 484 2546 uon
495 2503 521 2523 ‘⁹‘
530 2511 701 2547 muneral
714 2531 755 2535 —
769 2514 836 2548 877
850 2523 994 2547 censum
1004 2512 1045 2555 lg
1058 2531 1098 2535 —-
1112 2512 1181 2547 878
1199 2521 1391 2554 conponere
1403 2519 1437 2543 m
1455 2528 1495 2532 -—
1509 2510 1578 2544 879
1591 2507 1755 2542 uictricia
1767 2517 1802 2542 m
1814 2507 1872 2549 (L)
1887 2526 1926 2530 —

193 2577 261 2611 880
276 2579 421 2621 portum
436 2586 456 2612 o
476 2596 517 2600 ——
538 2578 606 2612 882
624 2579 759 2621 quanta
781 2579 817 2612 et
829 2587 849 2611 o
872 2578 1045 2612 rationem
1060 2586 1080 2612 o
1107 2576 1239 2611 discere
1258 2575 1368 2610 noctis
1382 2574 1455 2618 glc
1481 2586 1510 2609 r.
1530 2573 1684 2608 discerne
1701 2572 1810 2607 noctis
1828 2582 1865 2606 m
1885 2591 1927 2595 -—

193 2642 260 2677 889
297 2641 443 2677 aetheris
461 2651 481 2677 o
521 2644 680 2686 terraque
699 2641 756 2676 lm
797 2661 839 2665 —
878 2643 947 2677 890
983 2641 1150 2685 spiritum
1170 2650 1190 2675 o
1216 2644 1249 2675 et
1289 2642 1397 2674 totum
1416 2649 1451 2673 m
1489 2636 1515 2681 111
1545 2643 1576 2673 et
1603 2639 1670 2672 toto
1689 2648 1713 2681 g
1743 2641 1776 2672 et
1802 2638 1869 2672 toto
1887 2636 1929 2671 lc

193 2707 289 2741 iussa
313 2716 334 2741 o
367 2707 567 2751 quberuant
589 2707 636 2751 lg
675 2707 847 2752 yubermt
870 2717 889 2742 c
923 2706 1125 2751 yuberrzent
1146 2716 1184 2740 m
1221 2724 1262 2728 —
1298 2706 1364 2740 891
1407 2706 1567 2738 termene
1591 2713 1629 2738 m
1663 2707 1798 2738 terrene
1822 2712 1846 2746 g
1885 2720 1927 2724 —

193 2773 262 2807 893
287 2772 424 2807 homine
450 2771 465 2816 11
487 2785 503 2807 e
527 2772 612 2817 quid
629 2782 654 2816 g
678 2772 857 2816 dispinsat
872 2782 910 2806 m
929 2791 971 2795 —
990 2773 1059 2807 894
1083 2771 1246 2806 collocat
1270 2770 1356 2814 post
1379 2770 1447 2804 895
1467 2778 1490 2812 g
1515 2768 1670 2802 mundus
1689 2767 1776 2811 ipsis
1795 2776 1865 2811 gm
1885 2785 1927 2789 —

194 2838 262 2872 896
279 2839 376 2872 auto
395 2837 558 2882 cuiquam
572 2847 593 2872 o
611 2856 652 2861 —
666 2839 734 2873 899
752 2848 958 2881 censumque
973 2846 993 2872 o
1011 2836 1124 2871 artul
1143 2836 1174 2878 (s
1192 2835 1279 2870 add.
1296 2834 1406 2876 corr.)
1424 2853 1468 2857 ——
1487 2834 1553 2868 901
1573 2844 1668 2868 unus
1685 2821 1705 2845 ἁ
1722 2833 1898 2876 inspectus
1915 2830 1929 2866 l

196 2913 288 2937 uuus
312 2907 344 2937 et
369 2903 544 2946 inspectus
561 2912 612 2946 gc
637 2913 732 2936 ‘umus
755 2902 929 2944 inspectus
947 2912 982 2936 m
1010 2900 1173 2945 loquenda
1194 2911 1227 2934 m
1259 2919 1299 2923 —
1328 2899 1397 2935 903
1422 2899 1593 2943 quicuque
1618 2896 1705 2943 reyit
1722 2906 1743 2932 Ο
1774 2896 1824 2933 sie
1849 2895 1931 2931 eetl

196 2969 227 3003 si
250 2973 353 3004 cesset
372 2978 425 3012 gc
450 2968 499 3003 sie
524 2971 610 3003 esset
627 2978 665 3002 m
690 2967 729 3002 iu
753 2967 833 3002 orbe
850 2976 874 3011 g
899 2968 939 3001 iu
965 2966 1059 3001 orbes
1075 2965 1175 3000 lmc.
