2106 3334
758 115 872 151 Liber
897 115 922 150 Ι.
974 115 1172 151 253—283.
1807 118 1830 156 9

315 260 446 300 altera
479 257 524 295 ut
556 259 729 300 alterius
761 259 874 299 uires
907 259 1120 313 faciatque
1152 258 1358 312 feratque,

314 343 562 384 summaque
594 344 672 384 per
703 330 844 371 uarias
876 334 1047 370 maneat
1080 332 1260 384 cognata
1291 329 1462 383 figuras.

242 417 293 442 255
383 415 495 442 nunc
528 401 603 441 tibi
636 401 855 455 signorum
887 400 1065 441 lucentis
1098 400 1286 454 undique
1318 400 1512 440 flammas

314 471 533 512 ordinibus
566 471 690 512 certis
722 472 921 521 referam,
955 471 1224 526 primumque
1258 474 1464 511 canentur

314 556 422 596 quae
452 542 593 582 media
627 542 798 595 obliquo
831 542 1114 596 praecingunt
1146 540 1293 581 ordine
1326 541 1532 581 mundum

313 612 529 666 solemque
562 612 737 653 alternis
769 613 934 653 uicibus
967 626 1043 666 per
1074 616 1267 665 tempora
1301 615 1470 666 portant

312 687 439 736 atque
473 683 556 723 alia
589 682 768 723 aduerso
801 682 1007 722 luctantia
1040 682 1179 722 sidera
1211 682 1388 732 mundo3

240 754 468 805 ⁴2600n1nia‚
503 768 611 807 quae
644 754 780 807 possis
813 754 929 794 caelo
962 767 1189 793 numerare
1222 766 1392 803 seren03

312 838 333 864 e
367 824 520 878 quibus
553 828 594 864 et
626 824 732 865 ratio
766 824 950 864 fatorum
985 824 1153 864 ducitur
1185 824 1334 873 omnis,

313 899 358 935 ut
390 895 443 935 sit
474 895 587 935 idem
620 895 769 935 mundi
801 895 986 949 primum
1020 894 1131 949 quod
1165 894 1353 935 continet
1387 908 1538 934 arcem.

309 970 458 1006 aurato
493 966 690 1020 princeps
723 965 833 1006 aries
865 966 907 1005 in
940 965 1099 1006 uellere
1132 965 1301 1018 fulgens

310 1036 482 1090 respicit
514 1036 730 1076 admirans
764 1050 962 1076 auersum
997 1050 1171 1090 surgere
1205 1040 1374 1076 taurum

240 1122 290 1147 265
311 1107 535 1147 summisso
569 1107 690 1147 uultu
723 1107 915 1161 geminos
949 1110 990 1147 et
1021 1106 1160 1147 fronte
1193 1110 1431 1147 uocantem.

310 1191 415 1232 quos
449 1178 640 1232 sequitur
672 1192 837 1229 cancer,
873 1191 1072 1218 cancrum
1104 1177 1183 1226 leo,
1220 1178 1340 1232 uirgo
1373 1178 1552 1218 leonem.

308 1252 489 1303 aequato
524 1252 613 1289 tum
646 1249 754 1289 libra
786 1249 853 1289 die
888 1262 983 1288 cum
1016 1252 1207 1303 tempore
1240 1249 1374 1289 noctis

311 1320 486 1360 attrahit
518 1320 684 1361 ardenti
716 1320 952 1373 fulgentem
987 1320 1183 1374 scorpion
1216 1324 1342 1361 astro.

310 1391 352 1432 in
387 1391 505 1432 cuius
540 1392 720 1432 caudam
753 1396 950 1432 contento
985 1392 1130 1446 dirigit
1161 1405 1262 1432 arou

239 1476 291 1502 270
310 1462 465 1503 mixtus
499 1476 607 1517 equo
641 1463 859 1504 uolucrem
893 1464 1098 1504 missurus
1130 1463 1301 1517 iamque
1335 1464 1546 1517 sagittam.

310 1537 400 1574 tum
433 1534 550 1575 uenit
583 1538 763 1589 angusto
797 1534 1070 1589 capricornus
1102 1533 1239 1574 sidere
1273 1534 1426 1583 flexus3

309 1608 404 1659 post
436 1605 547 1645 hunc
580 1605 736 1646 inflexa
769 1605 963 1646 defundit
995 1605 1197 1659 aquarius
1230 1619 1338 1646 urna

308 1676 494 1730 piscibus
528 1680 719 1717 assuetas
751 1676 877 1717 auide
910 1676 1190 1717 subeuntibus
1224 1677 1374 1727 undas,

309 1761 414 1801 quos
446 1747 556 1788 aries
587 1747 724 1801 tangit
755 1747 992 1788 claudentis
1025 1747 1174 1788 ultima
1207 1747 1340 1802 signa.

238 1846 289 1871 275
381 1833 423 1871 at
456 1844 539 1885 qua
571 1830 774 1885 fulgentis
808 1831 973 1871 caelum
1007 1830 1225 1884 consurgit
1257 1830 1308 1871 ad
1344 1835 1497 1883 arctos,

309 1902 452 1942 omnia
484 1915 592 1956 quae
626 1916 790 1943 summo
825 1901 1073 1956 despectant
1105 1902 1245 1943 sidera
1277 1902 1435 1943 mundo

274 2017 277 2019 ,
308 1987 386 2013 nec
419 1977 575 2013 norunt
606 1973 744 2014 obitus
778 1987 947 2027 unoque
980 1973 1022 2013 in
1057 1973 1217 2014 uertice
1249 1973 1440 2014 tendunt.

308 2044 351 2084 in
384 2044 553 2085 diuersa
586 2044 669 2085 situ
702 2045 952 2098 caelumque
985 2048 1026 2084 et
1058 2044 1199 2085 sidera
1231 2048 1433 2099 torquens

309 2129 408 2155 aera
440 2128 516 2169 per
548 2115 735 2168 gelidum
769 2115 907 2156 tenuis
941 2115 1164 2156 deducitur
1196 2116 1287 2156 axis

238 2201 289 2227 280
309 2185 596 2241 libratumque
628 2187 738 2241 regit
769 2187 939 2228 diuerso
974 2187 1147 2227 cardine
1180 2187 1402 2238 mundum,

308 2257 498 2298 sidereus
532 2258 643 2298 circa
675 2258 863 2298 medium
897 2272 1023 2312 quem
1056 2258 1244 2299 uoluitur
1277 2259 1390 2299 orbis

310 2328 606 2383 aetheriosque
638 2332 750 2370 rotat
782 2343 949 2381 cursus3
982 2330 1169 2370 inmotus
1201 2333 1244 2370 at
1276 2330 1346 2370 ille

310 2400 350 2439 in
384 2399 506 2441 binas
538 2404 675 2441 arctos
708 2400 853 2454 magni
886 2414 962 2455 per
993 2401 1138 2441 inania
1170 2401 1320 2442 mundi

238 2582 306 2616 253
330 2582 423 2616 alter
440 2585 480 2616 ut
500 2591 520 2616 o
545 2601 589 2604 —
615 2584 682 2617 255
711 2583 859 2617 lucentis
877 2592 898 2615 o
924 2601 965 2605 -
986 2583 1075 2617 aute
1102 2592 1155 2616 vs.
1176 2583 1244 2616 *263
1262 2584 1321 2618 De
1338 2584 1428 2618 XII
1440 2585 1553 2628 siquis
1577 2585 1635 2619 De
1652 2586 1776 2620 Ariete
1792 2585 1833 2620 lc

96 2648 208 2692 Siquis
222 2636 290 2691 eti}
304 2647 345 2681 de
358 2648 470 2681 ariete
482 2656 519 2681 m
530 2670 575 2672 —
588 2648 655 2682 264
670 2658 839 2682 auersum
849 2656 885 2681 m
900 2648 1095 2681 aduersum
1104 2657 1130 2679 ω
1144 2666 1186 2670 -
1198 2648 1264 2682 265
1280 2651 1464 2683 uocantem
1479 2648 1517 2690 (n
1530 2659 1575 2683 ex
1586 2661 1611 2683 u
1623 2659 1717 2684 corr.
1731 2649 1783 2693 L.)
1796 2661 1833 2685 m

100 2714 280 2746 uocantem
304 2710 313 2745 l
325 2722 349 2755 g
382 2714 564 2746 notantem
593 2721 665 2755 (ιν2
705 2731 745 2734 —
786 2713 852 2745 272
889 2712 1023 2755 instem«
1058 2724 1151 2746 emm
1176 2722 1213 2746 m
1246 2713 1382 2756 instem&
1410 2716 1507 2749 urm}
1533 2725 1559 2747 ω
1597 2716 1767 2759 defundit
1796 2726 1832 2750 m

100 2777 272 2821 diffundit
291 2788 317 2807 ‹v›
339 2795 380 2799 —
407 2777 474 2812 273
493 2778 660 2812 adsvetas
678 2776 735 2811 lm
756 2778 822 2810 274
841 2777 1041 2811 claudentis
1060 2787 1084 2820 g
1101 2778 1277 2812 eludentis
1298 2789 1324 2809 m
1344 2778 1383 2812 in
1404 2779 1577 2823 margine
1596 2780 1655 2814 De
1672 2792 1739 2814 ame
1756 2780 1768 2814 l
1787 2803 1832 2806 ΜΔ

98 2842 165 2876 275
197 2842 299 2885 atqui
322 2841 394 2885 lgc
428 2845 534 2885 atque
556 2851 595 2876 m
626 2842 801 2886 salaconis
825 2851 845 2875 O
883 2842 997 2876 celum
1023 2851 1058 2875 ln
1084 2841 1142 2884 (L)
1176 2844 1270 2877 caelo
1287 2853 1314 2875 ω
1351 2845 1532 2888 consumit
1556 2853 1576 2877 O
1609 2863 1650 2867 -
1676 2846 1743 2879 27ss
1776 2846 1831 2880 de·

99 2909 255 2950 spectant
274 2916 294 2939 0
321 2907 456 2941 mundo
477 2905 565 2950 [gn]
592 2907 685 2941 eaelo
705 2916 723 2941 C
745 2929 785 2931 ᾉ
808 2907 873 2940 277
895 2908 1032 2950 imoque
1051 2916 1086 2940 n]
1107 2906 1168 2949 (E)
1197 2910 1339 2942 tantem
1357 2917 1378 2943 0
1407 2928 1447 2931 ῆ-
1468 2909 1535 2943 278
1560 2911 1724 2953 torquent
1743 2920 1763 2942 o
1789 2929 1831 2934 ‹-

100 2971 167 3005 280
195 2970 433 3014 liberatumql
466 2990 506 2993 ψ
535 2970 601 3006 282
629 2972 870 3015 aetheriosque
890 2982 926 3006 ln
953 2971 1197 3015 ‹zetltereosque
1213 2971 1260 3016 lg
1285 2976 1323 3007 at
1350 2982 1393 3007 ex
1421 2976 1483 3018 ayt
1510 2983 1603 3008 corr.
1624 2983 1670 3008 m.
