2106 3334
204 84 285 124 104
839 79 952 114 Liber
978 79 1038 114 IV.
1088 80 1286 115 426—453.

408 227 454 265 ut
485 224 653 278 signum
685 237 710 264 a
742 222 877 277 signo,
911 223 971 263 sic
1003 237 1028 263 a
1060 237 1104 263 se
1137 222 1349 277 discrepat
1380 223 1518 278 ipsum

408 298 708 348 momentoque
740 297 869 348 negat
902 294 1012 334 uires
1045 308 1253 347 usumque
1286 294 1514 345 salubrem,

408 365 606 420 quodque
638 379 714 419 per
746 364 823 405 has
854 364 1016 419 geritur
1046 368 1202 419 partes,
1236 365 1326 405 sine
1359 364 1481 420 fruge
1514 369 1695 417 creatur,

410 440 481 477 aut
513 435 638 487 cadit,
671 438 744 476 aut
774 435 918 476 multis
950 435 1076 476 sentit
1109 435 1221 476 bona
1254 435 1384 476 mixta
1417 436 1629 490 querellis.

337 522 389 548 430
408 507 489 548 hae
521 506 625 547 mihi
658 505 891 560 signandae
924 506 1095 560 proprio
1129 510 1227 547 sunt
1259 507 1445 548 carmine
1478 511 1632 562 partes.

409 577 483 618 sed
515 577 609 631 quis
642 580 702 618 tot
733 590 932 617 numeros
965 577 1119 618 totiens
1152 578 1229 618 sub
1262 578 1356 632 lege
1389 578 1561 624 referre,

409 651 469 689 tot
500 651 641 703 partes
674 648 828 688 iterare
861 651 1002 702 queat,
1036 651 1097 689 tot
1129 648 1270 689 dicere
1304 663 1491 690 summas

407 733 483 775 per
514 723 656 774 partes
690 718 866 760 causas?
930 719 1084 760 faciem
1116 723 1282 761 mutare
1314 720 1517 774 loquendi

406 790 648 845 incipimus,
681 791 715 831 si
748 790 881 831 uerba
911 790 1054 845 piget?
1119 791 1193 832 sed
1225 791 1363 846 gratia
1394 791 1541 843 deerit,

335 876 388 903 435
407 861 450 902 in
484 876 728 916 uanumque
758 862 878 903 labor
910 862 1034 914 cedit,
1069 876 1196 917 quem
1229 863 1408 917 despicit
1440 863 1566 904 auris.

406 933 479 974 sed
511 933 616 974 mihi
647 948 723 988 per
756 947 927 974 carmen
959 933 1108 975 fatalia
1138 934 1232 976 iura
1264 934 1418 975 ferenti

409 1008 450 1045 et
481 1018 623 1046 sacros
655 1005 760 1046 caeli
792 1008 931 1046 motus
963 1005 1015 1046 ad
1049 1005 1163 1046 iussa
1195 1005 1455 1060 loquendum
1488 1010 1569 1058 est,

409 1089 487 1116 nec
517 1076 719 1131 fingenda
751 1076 888 1129 datur,
921 1080 1086 1118 tantum
1119 1077 1397 1118 monstranda
1428 1077 1584 1132 figura,

410 1147 644 1188 ostendisse
675 1147 802 1188 deum
834 1148 959 1188 nimis
992 1151 1067 1200 est,
1102 1148 1218 1189 dabit
1249 1148 1339 1203 ipse
1372 1148 1541 1189 sibimet

337 1231 389 1258 440
407 1218 611 1272 pondera.
674 1233 752 1259 nec
785 1218 850 1260 fas
883 1223 946 1259 est
978 1219 1120 1260 uerbis
1153 1220 1411 1274 suspendere
1444 1219 1664 1260 mundum.

409 1288 536 1330 rebus
568 1290 648 1330 erit
679 1290 834 1341 maior3
867 1304 945 1331 nec
977 1304 1114 1345 parua
1146 1295 1208 1331 est
1239 1291 1378 1345 gratia
1409 1291 1542 1332 nostri

409 1359 507 1413 oris,
541 1361 575 1401 si
607 1364 772 1402 tantum
804 1361 960 1416 poterit
992 1361 1161 1415 signare
1195 1362 1398 1403 canenda.

410 1419 871 1486 aceipejdamnandae
904 1446 1013 1486 quae
1046 1432 1130 1473 sint
1160 1446 1235 1487 per
1266 1432 1406 1474 sidera
1437 1437 1592 1488 partes.

475 1502 656 1557 lanigeri
687 1517 786 1558 pars
819 1507 972 1557 quarta
1004 1507 1142 1557 nocet,
1175 1518 1253 1545 nec
1287 1509 1406 1545 sexta
1438 1504 1640 1556 salubris3

338 1588 390 1616 445
410 1574 590 1628 septima
623 1589 698 1630 par
729 1575 791 1615 illi
823 1589 871 1616 ac
903 1575 1085 1616 decuma
1117 1590 1141 1616 a
1173 1575 1437 1630 decumaque
1470 1576 1669 1617 secunda.

410 1659 605 1699 quaeque
637 1646 743 1687 duas
776 1647 964 1702 duplicat
995 1661 1183 1688 summas
1217 1651 1464 1702 septemque
1498 1662 1752 1702 nouemque,

411 1730 580 1771 unaque
612 1717 764 1771 uiginti
796 1719 984 1759 numeris
1016 1733 1114 1773 pars
1147 1719 1291 1759 addita
1320 1719 1465 1771 laedit,

411 1790 453 1827 et
486 1788 646 1842 quinta,
681 1792 722 1829 et
754 1788 905 1830 duram
938 1793 1206 1830 consummat
1238 1791 1418 1845 septima
1450 1794 1628 1846 partem.

482 1859 592 1900 tauri
622 1873 736 1900 nona
767 1861 881 1901 mala
912 1865 987 1912 est,
1022 1861 1171 1902 similis
1205 1861 1273 1902 cui
1304 1862 1429 1902 tertia
1459 1876 1558 1917 pars
1591 1866 1654 1903 est

339 1944 391 1971 450
409 1934 504 1983 post
536 1930 775 1984 decumam,
809 1946 885 1973 nec
917 1946 1003 1973 non
1035 1932 1240 1973 decumae
1273 1947 1371 1987 pars
1405 1934 1585 1988 septima
1616 1934 1778 1984 iuncta3

410 2001 560 2056 bisque
592 2003 763 2044 undena
795 2008 962 2055 nocent,
996 2008 1036 2045 et
1069 2004 1133 2045 bis
1167 2004 1362 2046 duodena
1393 2005 1626 2057 nocebunt,

411 2087 604 2128 quaeque
638 2074 785 2115 decern
817 2076 979 2130 trisque
1012 2075 1248 2130 ingeminat
1280 2076 1535 2131 fraudatque
1568 2077 1734 2118 duobus

410 2143 585 2199 triginta
616 2159 831 2199 numeros,
863 2150 904 2187 et
934 2150 1024 2187 tum
1057 2146 1271 2188 tricesima
1303 2161 1480 2188 summa.

340 2334 409 2367 426
433 2345 456 2368 α
482 2344 555 2369 om.
574 2333 633 2369 lm
652 2358 697 2361 —-
715 2337 782 2370 427
807 2338 997 2381 utrumque
1016 2335 1029 2371 l
1055 2335 1154 2379 (coll.
1177 2335 1297 2379 Vrat.)
1324 2341 1470 2382 utroque
1488 2347 1507 2373 c
1533 2348 1705 2382 usumque
1724 2347 1761 2372 m
1786 2337 1935 2373 uiuum-

198 2408 263 2440 que
277 2407 302 2441 g
317 2417 359 2421 —
375 2398 442 2433 429
459 2400 641 2444 minutaque
654 2401 748 2436 rellis
764 2411 797 2435 m
823 2420 866 2424 —
887 2402 953 2436 431
970 2402 1077 2446 leym-e
1087 2403 1183 2444 ferre
1190 2411 1232 2454 ⁸m
1254 2421 1295 2425 —
1318 2403 1385 2437 432
1406 2402 1539 2437 iterare
1554 2414 1662 2447 quem·
1677 2413 1712 2437 m
1739 2403 1870 2437 discere
1884 2413 1936 2447 gc

197 2460 384 2512 summsssl
419 2470 568 2505 summis
591 2481 628 2505 m
666 2482 822 2506 summas
846 2482 867 2506 ο
906 2492 948 2495 -
987 2473 1055 2507 433
1089 2452 1243 2519 patssikbl
1279 2484 1344 2517 per
1363 2473 1484 2517 partis
1508 2483 1559 2517 gc
1591 2484 1658 2517 per
1676 2473 1795 2517 patris
1817 2484 1851 2508 m
1892 2494 1933 2497 —

198 2534 267 2568 434
304 2533 534 2606 ἱέιοίᾶίὲηαεο
571 2535 648 2570 sitl
685 2536 816 2572 sicmc
852 2537 925 2582 sig
963 2537 1109 2574 cleritm
1151 2557 1189 2567 ψ-
1231 2540 1298 2574 435
1325 2538 1481 2589 chitgc
1515 2557 1557 2562 —-
1589 2541 1657 2573 436
1684 2533 1858 2575 carofflffo'il
1892 2559 1934 2563 —

282 2586 304 2606 4-
336 2589 407 2612 ngen
431 2590 446 2606 a

199 2616 268 2650 438
284 2616 483 2661 siqnandal
506 2618 680 2663 signanda
697 2630 721 2663 g
735 2620 901 2664 finyenda
915 2631 934 2655 c
952 2621 1118 2666 sinyencla
1133 2632 1169 2656 m
1186 2641 1227 2645 —
1244 2622 1313 2657 440
1331 2617 1389 2656 nec
1404 2620 1488 2662 fasl
1513 2633 1559 2656 ne
1570 2622 1629 2665 fas
1642 2632 1712 2666 gm
1736 2633 1800 2657 nec
1810 2623 1838 2666 f.
1856 2632 1875 2657 c
1889 2645 1933 2648 —

199 2682 267 2716 445
279 2692 370 2725 pars
384 2692 405 2717 0
421 2694 463 2718 ac
477 2693 497 2718 0
515 2678 637 2719 decurii
650 2695 731 2728 eque
745 2678 885 2721 ciccum}
899 2697 963 2730 que
981 2686 994 2720 l
1012 2687 1156 2721 decuma
1170 2687 1395 2731 decimaeque
1410 2696 1461 2730 gc
1478 2686 1706 2732 clecoemzaeque
1720 2687 1883 2722 decumae
1897 2697 1932 2722 m

198 2739 280 2782 sc‘da
297 2757 322 2791 g
349 2768 391 2772 —
419 2750 485 2783 447
513 2748 635 2783 laudat
651 2748 739 2784 lcm
761 2750 892 2794 gaudet
907 2761 932 2795 g
960 2771 1000 2774 -
1028 2753 1098 2786 448
1124 2753 1347 2787 consummat
1363 2761 1383 2786 o
1418 2771 1460 2775 —
1491 2752 1558 2786 449
1586 2763 1652 2796 quo
1670 2763 1690 2788 o
1718 2773 1760 2777 —-
1787 2753 1857 2787 450
1883 2752 1936 2786 de-

199 2824 338 2847 cumam
356 2823 377 2848 0
409 2813 571 2849 decumae
589 2823 610 2849 0
641 2815 764 2850 iunctm
789 2817 841 2850 est
857 2825 877 2850 ο
912 2835 955 2839 --
988 2817 1053 2851 451
1082 2828 1207 2852 nocens
1225 2826 1245 2851 0
1276 2818 1434 2852 nocentes
1452 2827 1472 2852 ο
1508 2837 1550 2841 -
1581 2818 1649 2852 452
1681 2828 1852 2861 quemque
1874 2817 1934 2852 lm

199 2889 351 2921 quaeque
369 2889 420 2921 gc
443 2870 606 2922 fraudata
628 2879 758 2914 duobus
775 2879 786 2914 l
811 2881 948 2923 frauda
965 2881 1098 2916 duobus
1116 2892 1151 2916 m
1177 2882 1349 2926 fraudata
1368 2892 1420 2926 gc
1440 2901 1481 2904 —
1501 2883 1569 2916 453
1588 2884 1623 2917 et
1640 2883 1688 2917 tri
1706 2883 1882 2917 tricesima
1896 2893 1934 2917 m

200 2953 233 2976 ec
261 2944 300 2976 ΐῖι
319 2953 343 2987 g
367 2946 401 2977 et
425 2946 463 2977 tu
482 2944 522 2978 lc
548 2946 599 2979 est
615 2953 646 2978 0.
