2106 3334
788 93 899 130 Liber
924 93 984 130 ΙΙΙ.
1034 96 1232 131 406—433.
1817 103 1870 142 79

363 237 486 278 tertia
516 240 563 277 ut
595 236 768 277 accedat
799 237 992 291 geminis,
1027 251 1136 292 quae
1167 242 1359 293 tempora
1390 239 1499 280 tauri

361 308 531 359 uinciat,
565 311 690 362 atque
723 308 871 349 eadem
905 322 1070 360 cancro,
1102 309 1336 364 similisque
1367 310 1491 351 leoni.

364 380 421 420 sic
455 379 533 419 erit
564 378 615 419 ad
649 392 858 419 summam
890 380 997 420 ratio
1030 380 1236 434 perducta
1266 381 1466 435 priorem,

362 463 488 505 quam
522 449 646 489 modo
680 449 826 490 diuisis
858 449 1097 491 Nemeaeus
1129 451 1308 492 duxerat
1338 451 1466 493 horis.

291 536 344 562 410
363 521 460 562 inde
491 520 583 574 pari
615 520 736 574 uirgo
768 521 969 574 procedat
1001 522 1201 576 temporis
1234 526 1372 563 auctu.

363 591 436 635 sed
468 595 582 632 certa
615 591 691 632 sub
723 591 831 646 lege,
863 592 1014 645 prioris
1047 606 1214 647 semper
1245 597 1290 634 ut
1322 595 1422 634 astri

362 662 616 703 incolumem
649 666 819 702 seruent
851 676 1060 703 summam
1093 668 1368 718 crescantque
1400 665 1611 706 nouando.

360 734 422 774 his
455 747 588 787 usque
621 733 673 773 ad
707 733 847 773 chelas
880 733 1080 774 horarum
1113 734 1304 788 partibus
1337 737 1470 777 auctis

361 818 437 858 per
467 803 641 844 totidem
674 817 698 844 a
728 804 836 844 libra
867 804 1113 845 decrescent
1145 805 1284 846 sidera
1315 810 1469 860 partes,

287 891 340 917 415
361 879 401 916 et
433 874 601 929 quantis
633 873 674 914 in
710 878 936 929 utrumque
969 875 1104 915 modis
1138 876 1339 916 tollentur
1371 877 1422 917 ad
1455 881 1584 929 ortus,

361 946 575 986 diuersam
606 944 650 984 in
683 948 837 985 sortem
870 945 1002 986 tantis
1034 950 1282 1008 lnergentur
1313 947 1363 988 ad
1398 948 1585 992 umbras.

355 1016 458 1056 haec
492 1016 570 1056 erit
600 1016 801 1056 horarum
833 1017 939 1057 ratio
974 1017 1168 1058 ducenda
1199 1032 1276 1073 per
1307 1020 1467 1071 orbem⁷

360 1088 432 1128 illa
464 1090 505 1127 et
535 1090 637 1141 quot
668 1087 813 1128 stadiis
847 1088 1037 1129 oriantur
1069 1102 1264 1143 quaeque
1297 1090 1547 1145 cadantque.

361 1171 469 1213 quae
501 1172 597 1198 cum
628 1161 692 1198 ter
724 1162 893 1199 centum
926 1159 1112 1200 numeris
1144 1160 1380 1215 uicenaque
1413 1166 1618 1215 constent,

288 1245 340 1272 4‘20
360 1228 595 1270 detrahitur
627 1242 818 1269 summae
850 1233 937 1270 tota
969 1244 1080 1284 pars,
1115 1234 1243 1285 quota
1276 1232 1458 1273 demitur
1490 1248 1624 1288 usque

360 1300 555 1340 omnibus
588 1313 638 1340 ex
669 1299 784 1341 horis
817 1300 1004 1342 aestiuae
1036 1303 1207 1343 nomine
1239 1304 1387 1355 noctis,

360 1371 584 1412 solstitium
617 1385 781 1412 summo
814 1372 980 1426 peragit
1012 1386 1107 1413 cum
1140 1372 1340 1414 Phoebus
1373 1374 1573 1431 Olympo3

361 1442 557 1496 quodque
589 1442 653 1482 his
686 1447 911 1497 exsuperat
942 1443 1123 1497 demptis
1156 1444 1340 1485 diducito
1373 1446 1414 1486 iu
1448 1461 1605 1501 aequas

361 1528 434 1554 sex
464 1518 605 1567 partes
638 1517 883 1567 sextamque
917 1514 1081 1555 ardenti
1113 1515 1231 1555 trade
1263 1516 1394 1567 leoni3

288 1600 340 1626 425
359 1598 505 1625 rursus
538 1584 610 1638 qui
642 1584 804 1625 steterit
836 1599 1036 1626 numerus
1068 1586 1145 1627 sub
1177 1587 1348 1627 nomine
1381 1587 1500 1639 lucis,

362 1656 450 1696 eius
484 1655 561 1695 erit
593 1655 713 1709 signo
747 1656 855 1696 tauri
888 1670 986 1710 pars
1017 1657 1090 1697 illa
1122 1657 1322 1709 dicanda3

361 1726 557 1781 quodque
589 1726 697 1767 hanc
731 1731 956 1781 exsuperat
986 1732 1163 1782 partem,
1199 1733 1423 1783 superatur
1455 1730 1507 1771 ab
1539 1731 1611 1772 illa

359 1798 663 1852 distinguitque
695 1797 800 1838 duas
832 1798 970 1839 medio
1004 1798 1247 1840 discrimine
1280 1815 1479 1853 summas,

360 1869 484 1910 tertia
514 1883 612 1923 pars
645 1869 734 1910 eius
767 1883 943 1910 numero
976 1870 1249 1924 superaddita
1281 1873 1389 1912 tauri

288 1956 340 1983 430
359 1940 548 1981 tradetur
579 1940 771 1994 geminis.
836 1941 961 1982 simili
994 1945 1093 1982 tunc
1126 1946 1266 1983 cetera
1297 1943 1414 1984 lucro

354 2011 585 2066 procedent
613 2025 812 2052 numeros
845 2026 1012 2067 semper
1042 2017 1178 2054 tutata
1210 2014 1361 2068 prioris

361 2083 659 2138 augebuntque
692 2097 802 2124 nouo
835 2083 996 2125 uicinas
1028 2098 1205 2126 munere
1237 2100 1436 2138 summas,

360 2154 492 2195 donec
524 2154 777 2208 perueniant
809 2154 861 2195 ad
893 2155 1028 2196 iustae
1061 2156 1200 2197 sidera
1230 2156 1378 2198 librae.

288 2296 355 2330 406
377 2296 476 2329 tauro
491 2305 511 2330 o
527 2313 566 2319 --
585 2295 651 2331 407
666 2295 855 2331 uincatlm
872 2315 913 2319 —
929 2298 998 2332 408
1015 2309 1152 2332 summa
1166 2297 1175 2331 1
1192 2298 1365 2342 perducta
1380 2297 1459 2342 lgm
1474 2298 1617 2334 deducta
1634 2310 1653 2335 c
1668 2320 1712 2323 —
1726 2301 1792 2335 409
1809 2312 1874 2345 quo

148 2359 246 2395 modo
257 2369 278 2394 o
296 2371 414 2394 nemea
427 2360 457 2394 si
468 2370 488 2394 0
507 2360 679 2395 duxerito
696 2380 737 2384 —
753 2363 822 2396 410
835 2364 947 2396 actuo
964 2381 1006 2385 —
1021 2365 1061 2396 41
1076 2366 1083 2396 1
1104 2362 1326 2397 utastrislm
1345 2363 1383 2397 in
1400 2364 1507 2398 astris
1522 2375 1568 2408 gc
1584 2385 1626 2388 —
1641 2366 1708 2400 412
1726 2371 1841 2400 seruet
1853 2376 1873 2400 o

148 2436 363 2469 crescensque
381 2435 402 2460 o
436 2444 477 2448 —
510 2427 578 2461 413
603 2425 757 2460 addenas
774 2425 831 2460 lm
864 2427 910 2460 ad
935 2427 1040 2462 denas
1057 2437 1109 2471 gc
1133 2447 1178 2450 —
1197 2429 1265 2462 414
1292 2428 1400 2462 librae
1420 2438 1440 2462 0
1460 2448 1501 2452 —
1521 2431 1589 2466 415
1614 2430 1653 2465 in
1680 2440 1752 2465 0111.
1772 2441 1806 2465 m
1830 2451 1873 2454 —

149 2498 217 2532 410
244 2496 434 2541 mergentis
451 2506 489 2531 m
516 2516 556 2520 —-
585 2499 653 2532 418
678 2497 739 2531 illa
765 2497 855 2541 quod
873 2507 893 2532 0
918 2497 1053 2532 standis
1072 2508 1092 2534 o
1125 2520 1169 2524 -—
1202 2500 1269 2533 419
1297 2476 1489 2536 treczfflgl
1522 2502 1714 2536 trecentum
1733 2511 1784 2545 gc
1812 2504 1874 2536 ter-

148 2563 285 2596 centum
305 2571 341 2595 m
366 2548 565 2596 numerus]
589 2573 760 2596 numerus
778 2572 812 2596 ln
839 2564 997 2597 numeris
1014 2573 1066 2607 gc
1097 2563 1281 2607 uicinaque
1299 2574 1319 2599 0
1348 2584 1389 2588 —
1416 2567 1485 2600 420
1510 2566 1706 2601 detrahitur
1724 2576 1744 2601 0
1770 2569 1874 2611 quota

149 2624 286 2670 denzitlll
314 2625 328 2660 l
364 2628 467 2670 quota
497 2626 607 2661 demit
627 2637 679 2670 gc
716 2627 805 2671 quod
835 2627 1014 2662 ademitur
1039 2638 1074 2662 rn
1112 2630 1218 2672 utque
1248 2628 1337 2673 lgm
1370 2632 1559 2674 utrumque
1583 2641 1602 2666 c
1636 2650 1677 2655 —
1713 2632 1779 2666 422
1812 2643 1874 2676 pe-

149 2693 253 2735 rayat
275 2700 295 2725 o
329 2709 371 2713 —
405 2692 472 2726 423
507 2695 694 2736 eaescherat
713 2702 748 2726 m
786 2691 823 2726 id
848 2691 962 2727 ducito
980 2702 1004 2736 g
1041 2692 1078 2727 id
1102 2693 1243 2727 ducito>
1277 2714 1318 2718 —
1350 2696 1418 2730 425
1443 2695 1588 2730 numine
1606 2705 1626 2730 o
1652 2696 1760 2731 noctis
1778 2706 1798 2731 ο
1829 2716 1872 2720 —

150 2756 217 2790 427
256 2758 403 2800 quotque
436 2766 460 2800 g
497 2759 666 2800 eaeuperat
694 2767 728 2791 m
771 2759 961 2800 superatur
990 2767 1011 2792 o
1049 2777 1094 2781 ——
1131 2759 1199 2793 429
1235 2770 1427 2803 numerum
1457 2759 1471 2794 1
1514 2773 1703 2795 numerum
1735 2771 1769 2795 m
1807 2773 1872 2796 nu-

150 2831 243 2855 mero
269 2830 320 2865 gc
350 2839 395 2843 —
424 2821 494 2856 430
523 2822 678 2856 traditur
699 2826 731 2857 et
748 2833 779 2866 9.
801 2821 874 2866 lgc
905 2822 1061 2857 traditur
1079 2834 1111 2867 9.
1138 2833 1174 2857 m
1205 2843 1246 2847 —
1271 2824 1335 2859 431
1363 2825 1545 2868 procedent
1571 2836 1606 2860 Π]
1631 2825 1828 2869 procedunt
1845 2837 1871 2859 ω

146 2882 309 2929 ΡΥίονῖεΙ
334 2885 468 2930 prioris
484 2895 555 2930 gm
583 2905 623 2910 -
655 2887 723 2922 432
749 2899 875 2923 nouem
893 2897 914 2923 o
946 2899 1092 2923 numero
1110 2887 1152 2923 lc
1181 2900 1328 2924 munero
1345 2899 1383 2924 m
1409 2902 1558 2925 munera
1576 2900 1600 2934 g
1628 2909 1669 2914 —-
1696 2891 1767 2926 433
1788 2903 1872 2936 per-

151 2951 269 2985 ueniet
288 2961 324 2986 m
347 2952 561 2995 perueniant
579 2961 618 2984 ω.
