2106 3334
709 426 794 490 M.
845 425 1246 490 MANILII

595 553 1355 620 ASTRONOMIOON

748 743 929 791 LIBER
968 741 1206 789 PRIMUS

350 888 537 951 Jarmine
569 909 735 949 diuinas
770 912 880 948 artes
913 912 953 948 et
987 908 1154 948 conscia
1187 906 1258 947 fati

326 980 466 1021 sidera
497 980 688 1020 diuersos
721 979 941 1019 hominum
975 978 1185 1019 uariantia
1219 991 1353 1023 casus,

326 1051 518 1092 caelestis
549 1051 723 1091 rationis
758 1064 877 1104 opus,
910 1050 1120 1090 deducere
1152 1048 1311 1089 mundo

324 1122 550 1177 aggredior
581 1122 828 1176 primusque
861 1121 982 1161 nouis
1015 1120 1225 1161 Helicona
1258 1133 1429 1159 mouere

288 1209 303 1233 5
324 1194 516 1234 cantibus
550 1198 591 1233 et
625 1193 747 1233 uiridi
780 1193 968 1232 nutantis
1001 1192 1160 1232 uertice
1193 1191 1321 1231 siluas

325 1264 493 1319 hospita
525 1278 645 1305 sacra
676 1264 819 1304 ferens
852 1264 956 1304 nulli
990 1267 1223 1303 memorata
1257 1263 1458 1316 priorum.

324 1337 436 1377 hunc
468 1336 569 1376 mihi
603 1340 662 1386 tu,
696 1335 867 1384 Caesar,
901 1335 1063 1389 patriae
1096 1335 1378 1388 princepsque
1411 1336 1626 1386 paterque,

325 1407 395 1462 qui
429 1407 543 1461 regis
576 1407 766 1460 augustis
799 1409 1020 1460 parentem
1051 1405 1217 1459 legibus
1250 1404 1395 1445 orbem

327 1491 659 1532 concessumque
693 1478 801 1531 patri
836 1477 1039 1517 mundum
1074 1476 1177 1516 (leus
1211 1476 1299 1529 ipse
1332 1475 1521 1524 mereris,

275 1565 305 1589 111
326 1549 400 1589 das
433 1549 622 1589 animum
658 1548 855 1602 uiresque
888 1548 1001 1588 excis
1035 1547 1087 1587 ad
1121 1550 1239 1587 tanta
1272 1546 1475 1586 canenda.

326 1621 410 1660 iam
443 1620 700 1674 propiusque
734 1619 851 1659 fauet
882 1618 1066 1659 mundus
1099 1618 1384 1658 scrutantibus
1417 1617 1555 1671 ipsum

326 1695 366 1731 et
398 1691 513 1745 cupit
546 1691 758 1731 aetherios
789 1704 865 1744 pcr
898 1690 1088 1730 carmina
1120 1689 1309 1743 pandere
1342 1702 1504 1728 census.

327 1763 407 1803 hoc
440 1762 517 1802 sub
550 1775 654 1816 pace
689 1765 813 1802 uacat
846 1764 1023 1801 tanturn.
1088 1761 1207 1800 iuuat
1236 1760 1297 1799 ire
1331 1773 1406 1813 per
1438 1759 1577 1812 ipsum

326 1847 426 1873 aera
458 1836 498 1873 et
529 1832 721 1873 inmenso
755 1832 1009 1886 spatiantem
1044 1831 1190 1871 uiuere
1223 1831 1338 1871 caelo

277 1920 305 1944 15
325 1904 531 1958 signaque
564 1908 605 1944 et
637 1904 838 1944 aduersos
872 1903 1089 1943 stellarum
1124 1916 1299 1943 noscere
1333 1916 1493 1941 cursus.

327 1975 436 2029 qnod
471 1975 606 2016 solum
641 1975 810 2016 nouisse
842 1988 991 2029 parum
1026 1978 1100 2014 est.
1167 1973 1398 2027 impensius
1433 1972 1522 2026 ipsa

328 2047 434 2087 scire
466 2046 585 2087 iuuat
617 2046 761 2100 magni
794 2045 961 2100 penitus
995 2045 1244 2099 praecordia
1277 2044 1436 2090 1111111111,

328 2132 495 2172 quaque
528 2122 648 2172 regat
678 2122 938 2172 generetque
971 2117 1056 2157 suis
1091 2116 1293 2156 animalia
1325 2114 1470 2169 signis,

329 2203 502 2230 cernere
535 2193 577 2230 et
607 2189 651 2229 in
681 2202 907 2229 numerum
940 2187 1113 2228 Phoebo
1148 2187 1394 2228 modulante
1425 2185 1596 2226 referre.

275 2276 309 2301 20
328 2261 429 2301 bina
460 2260 563 2301 mihi
596 2260 743 2315 positis
776 2260 918 2300 lucent
949 2259 1101 2300 altaria
1136 2258 1329 2310 flammis,

329 2332 381 2373 ad
415 2332 497 2373 dno
531 2331 689 2386 templa
720 2345 871 2385 precor
902 2330 1057 2386 duplici
1094 2329 1378 2371 circumdatus
1413 2332 1527 2369 :testu

328 2402 529 2444 carminis
561 2407 602 2443 et
634 2416 794 2443 rerum:
829 2405 945 2443 certa
977 2415 1073 2442 cum
1106 2401 1199 2455 lege
1232 2404 1455 2441 canentem

329 2474 513 2515 mundus
547 2480 588 2515 et
618 2473 811 2514 inmenso
846 2477 987 2513 uatem
1020 2471 1332 2526 circumstrepit
1365 2471 1465 2512 orbe

330 2545 485 2599 uixque
518 2545 655 2586 soluta
688 2545 773 2585 suis
806 2543 979 2585 inmittit
1013 2544 1143 2584 uerba
1175 2543 1335 2597 figuris.

277 2632 310 2656 25
330 2630 456 2670 quem
490 2616 673 2671 primum
707 2616 883 2656 interius
916 2616 1034 2655 licuit
1068 2628 1323 2668 cognoscere
1356 2613 1478 2654 terris

263 2746 277 2778 1
313 2748 408 2780 artes
439 2744 545 2789 glou
578 2764 620 2768 —
654 2747 674 2779 3
706 2745 869 2779 nutantis
894 2743 961 2788 ln2
987 2745 1167 2778 imitantis
1184 2753 1228 2787 ul
1260 2762 1301 2765 —-
1333 2743 1374 2777 10
1399 2743 1492 2786 facis
1516 2751 1536 2775 Ο
1569 2760 1610 2763 —
1643 2742 1682 2775 15
1704 2741 1854 2785 propius

120 2811 344 2853 ¹nmmlusque
366 2811 470 2854 fauet
487 2820 512 2844 u
533 2830 574 2832 —
600 2810 639 2843 12
657 2821 780 2844 sensus
804 2819 824 2843 0
849 2828 886 2831 -
911 2810 950 2843 13
977 2809 1042 2842 hac
1058 2818 1081 2842 11
1108 2811 1214 2843 uacat
1233 2818 1257 2851 g·
1282 2810 1383 2842 uocat
1402 2818 1429 2839 ω
1456 2807 1600 2841 tandem
1617 2806 1723 2840 iuuat
1742 2814 1788 2848 112
1809 2815 1852 2848 111

121 2874 241 2915 (uacat
260 2877 402 2909 tantum
417 2885 510 2909 corr.
526 2874 565 2909 in
580 2884 700 2919 marg.
714 2884 737 2908 u
748 2875 773 2918 l)
791 2893 832 2896 —a
852 2875 893 2908 18
907 2885 1065 2917 quaeque
1080 2882 1100 2907 0
1117 2892 1158 2895 -
1175 2874 1214 2907 19
1234 2874 1467 2908 innumerum
1484 2882 1510 2906 u
1526 2890 1567 2894 —
1582 2872 1624 2905 21
1648 2873 1724 2923 {stu
1743 2869 1790 2904 lu
1811 2888 1852 2892 —

121 2939 161 2972 21
183 2940 315 2974 circum
331 2949 371 2983 112
396 2940 531 2974 circum
545 2949 584 2983 ul
612 2939 665 2981 (in
685 2948 801 2980 marg.
818 2938 952 2979 rerum)
971 2950 1094 2972 rerum
1109 2948 1135 2969 ω
1157 2957 1198 2960 —
1219 2938 1261 2971 23
1281 2939 1438 2971 ‘inmenso
1455 2936 1465 2971 l
1486 2956 1526 2959 —
1545 2938 1587 2971 24
1606 2936 1760 2971 inmittit
1778 2933 1789 2968 1
1812 2953 1852 2956 ff

122 3004 165 3037 25
193 3004 305 3038 lacuit
332 3015 366 3047 g.

193 3085 332 3110 Manilius.
364 3087 383 3112 1.
1718 3072 1732 3104 l.
