2106 3334
788 103 899 139 Liber
924 103 986 138 IV.
1037 103 1233 137 904-931,
1784 103 1862 142 121

355 249 543 290 edomuit
573 253 728 288 terram
764 246 815 286 ad
848 243 1006 299 fruges,
1040 244 1241 286 animalia
1273 244 1383 298 cepit

283 335 335 361 905
355 320 638 375 imposuitque
670 318 784 358 uiam
817 321 960 372 ponto,
993 316 1107 357 stetit
1140 330 1246 356 unus
1278 315 1321 356 in
1354 329 1494 356 arcem

355 394 518 431 erectus
551 389 699 444 capitis
731 388 950 442 uictorque
983 387 1037 428 ad
1069 387 1208 427 sidera
1241 386 1366 427 mittit

354 462 540 502 sidereos
572 460 715 501 oculos
747 459 1004 514 propiusque
1038 458 1254 512 adspectat
1286 457 1514 511 Olympum

355 532 617 586 inquiritque
649 530 816 577 Ioue1n;
849 544 926 570 nec
959 529 1048 570 sola
1080 528 1218 569 fronte
1251 528 1425 568 deorum

357 606 577 643 contentus
609 606 751 642 manet
781 605 822 641 et
855 600 1017 640 caelum
1051 602 1262 640 scrutatur
1292 599 1334 639 in
1367 598 1463 639 aluo

283 688 335 715 910
356 678 666 727 cognatumque
698 685 879 726 sequens
912 684 1064 724 corpus
1096 684 1140 710 se
1171 670 1336 724 quaerit
1368 670 1408 709 in
1441 669 1578 709 astris.

355 744 452 784 huic
484 745 526 784 in
560 747 677 784 tanta
708 743 835 783 fidem
868 742 1063 796 petimus,
1098 755 1224 795 quam
1258 754 1384 794 saepe
1418 740 1612 781 uolucres

356 815 568 869 accipiunt
600 813 873 868 trepidaeque
906 826 980 852 suo
1014 811 1092 852 sub
1124 815 1294 865 pectore
1326 811 1471 851 fibrae.

355 900 408 925 an
442 885 580 925 minus
613 888 674 924 est
707 884 836 924 sacris
869 883 1077 923 rationem
1109 882 1264 923 ducere
1297 882 1440 936 signiS,

355 970 481 1010 quam
514 955 724 1010 pecudum
756 958 913 995 mortes
947 954 1174 1008 auiumque
1209 953 1425 994 attendere
1459 950 1631 992 cantus?

285 1042 335 1068 915
355 1030 481 1080 atque
513 1027 618 1067 adeo
651 1026 803 1066 faciem
838 1025 943 1066 caeli
976 1039 1059 1065 non
1092 1024 1254 1065 inuidet
1286 1024 1375 1065 orbi

354 1098 442 1152 ipse
476 1098 578 1138 deus
611 1097 837 1151 uultusque
870 1111 967 1137 suos
1001 1110 1237 1150 corpusque
1269 1095 1449 1135 recludit

355 1182 522 1223 semper
555 1167 764 1208 uoluendo
799 1182 927 1221 seque
960 1167 1097 1221 ipsum
1130 1166 1315 1207 inculcat
1346 1169 1387 1206 et
1419 1165 1553 1215 offert,

354 1244 399 1280 ut
430 1240 538 1281 bene
571 1239 766 1292 cognosci
799 1238 931 1293 possit
963 1238 1196 1292 doceatque
1230 1237 1426 1290 uidentis,

356 1311 494 1365 qualis
527 1315 607 1362 eat,
642 1314 850 1364 cogatque
882 1324 980 1350 suas
1013 1309 1231 1350 attendere
1263 1309 1391 1363 leges.

283 1397 335 1424 920
355 1383 444 1436 ipse
478 1386 602 1423 uocat
632 1385 797 1422 nostros
831 1381 995 1421 animos
1027 1380 1080 1421 ad
1114 1380 1253 1421 sidera
1284 1379 1467 1420 mundus

356 1467 433 1493 nec
466 1453 638 1508 patitur,
671 1453 770 1507 quia
802 1467 885 1493 non
919 1452 1072 1503 condit,
1107 1466 1184 1492 sua
1215 1452 1309 1491 iura
1340 1451 1484 1491 latere.

356 1525 450 1578 quis
482 1528 601 1579 putet
631 1538 723 1565 esse
755 1523 875 1564 nefas
909 1523 1040 1574 nosci,
1074 1523 1186 1577 quod
1220 1536 1392 1563 cernere
1425 1521 1489 1562 fas
1522 1520 1611 1562 est?

356 1610 433 1636 nec
467 1600 688 1637 contemne
721 1599 814 1636 tuas
848 1595 969 1649 quasi
1001 1608 1134 1649 paruo
1167 1594 1209 1634 in
1243 1607 1419 1648 corpore
1454 1593 1585 1643 uires3

357 1667 468 1722 quod
502 1667 628 1720 ualet,
662 1667 902 1707 inmensum
935 1670 1009 1706 est.
1074 1666 1133 1706 sic
1166 1665 1258 1706 auri
1289 1664 1478 1719 pondera
1511 1664 1632 1718 parui

285 1753 336 1779 925
357 1742 614 1792 exsuperant
644 1738 779 1792 pretio
812 1751 1060 1777 numerosos
1092 1736 1202 1777 aeris
1235 1749 1424 1776 aceruos.

357 1808 415 1849 sic
447 1809 635 1861 adamas,
667 1812 872 1863 punctum
904 1807 1070 1862 lapidis⁷
1103 1806 1327 1861 pretiosior
1359 1820 1462 1846 auro
1495 1810 1569 1846 est.

357 1880 536 1934 paruula
568 1880 627 1921 sic
661 1884 793 1921 totum
826 1879 1004 1934 peruisit
1034 1879 1195 1933 pupula
1228 1878 1405 1929 caelum,

358 1965 526 2005 quoque
558 1951 705 1992 uident
737 1951 860 2002 oculi,
894 1951 1117 1991 minimum
1151 1953 1224 2001 est,
1261 1964 1356 1990 cum
1389 1949 1575 1989 maxima
1609 1952 1795 1988 cernant.

357 2023 416 2063 sic
448 2023 579 2063 animi
611 2022 731 2064 sedes
765 2023 881 2063 tenui
914 2022 991 2062 sub
1025 2021 1150 2062 corde
1182 2021 1322 2062 locata

287 2109 338 2136 930
358 2108 434 2148 per
465 2098 599 2135 totum
632 2097 810 2148 angusto
845 2097 994 2146 regnat
1025 2093 1077 2133 de
1108 2092 1243 2133 limite
1276 2106 1441 2146 corpus.

357 2166 560 2206 materiae
593 2179 646 2206 ne
678 2179 835 2220 quaere
867 2164 1053 2217 modum,
1088 2164 1161 2204 sed
1194 2164 1386 2218 perspice
1419 2163 1544 2214 uires,

288 2355 357 2388 904
374 2353 525 2389 edomuit
542 2365 611 2399 gm
637 2357 671 2390 et
686 2354 718 2389 d.
737 2354 750 2389 1
775 2354 821 2388 ad
835 2354 956 2398 fruqes
973 2353 1048 2398 lgc
1073 2347 1120 2388 a‘d
1138 2364 1175 2388 m
1193 2353 1303 2395 (corr.
1320 2352 1393 2397 m2>
1416 2372 1457 2375 —
1477 2353 1545 2388 905
1563 2363 1640 2386 aree
1658 2351 1747 2395 lgm
1761 2350 1819 2393 (L)
1839 2370 1876 2374 ——

148 2420 216 2453 906
242 2420 381 2462 ereptus
398 2418 442 2454 lc
467 2424 599 2454 erectus
617 2430 685 2464 gm
712 2419 840 2463 capitis
858 2429 881 2463 g
906 2419 1016 2463 captis
1036 2430 1062 2451 o>
1091 2438 1132 2442 —
1161 2420 1228 2454 907
1255 2417 1413 2462 syclcreos
1437 2417 1548 2452 oculos
1566 2428 1589 2460 g
1620 2416 1835 2459 sidereosque
1852 2426 1879 2448 ω

142 2484 344 2527 propriusq.
363 2483 422 2518 lm
455 2486 648 2527 aspectatg
689 2504 727 2508 —
768 2485 836 2519 910
865 2478 1014 2528 seque¹¹sl
1039 2470 1115 2518 siti
1145 2484 1245 2518 sitm
1278 2482 1328 2517 sic
1346 2492 1398 2526 gc
1435 2504 1478 2508 -ψ
1518 2483 1587 2517 914
1610 2480 1800 2516 adtendere
1818 2480 1878 2515 lm

147 2547 313 2583 cantism
353 2568 395 2571 —
434 2550 502 2584 916
535 2549 709 2584 reducito
750 2568 791 2572 —
831 2550 898 2584 917
932 2549 1104 2584 uoluendo
1127 2558 1317 2592 semperm
1358 2570 1399 2573 ——
1439 2548 1507 2582 918
1530 2534 1677 2591 possdtl
1710 2550 1880 2590 possetm

145 2613 255 2656 possit
277 2623 329 2657 gc
365 2613 546 2658 doceatque
571 2613 734 2649 uidendis
758 2624 777 2648 o
817 2633 859 2637 —
898 2615 966 2649 919
991 2615 1049 2648 eat
1072 2624 1105 2648 n]
1149 2615 1228 2648 erat
1249 2623 1276 2645 ω
1313 2614 1474 2656 eoqcttque
1492 2622 1526 2646 n]
1553 2611 1610 2653 (L)
1649 2611 1828 2654 doceatque
1852 2620 1879 2642 ω

147 2677 334 2712 adtendere
358 2677 417 2713 lm
454 2698 495 2702 —-
534 2680 602 2715 920
627 2683 762 2714 nostros
786 2678 922 2713 animos
945 2688 966 2713 o
1004 2700 1048 2704 ——
1087 2679 1154 2712 922
1174 2680 1328 2721 putato
1366 2676 1464 2712 nasci
1489 2677 1501 2711 l
1540 2699 1582 2702 ---
1622 2678 1690 2712 923
1722 2687 1783 2710 nec
1806 2675 1880 2720 lgc

150 2743 203 2785 (in
236 2753 269 2777 m
310 2752 403 2778 corr.
440 2743 477 2778 iu
514 2756 556 2779 ne
593 2743 633 2787 L)
675 2746 882 2788 contempne
913 2743 968 2777 ln]
1010 2762 1052 2765 —
1091 2743 1160 2778 924
1203 2754 1270 2787 quo
1300 2753 1336 2777 m
1380 2742 1471 2786 quod
1500 2753 1527 2774 ω
1559 2736 1715 2785 ponderi}
1745 2739 1803 2775 lm
1838 2760 1878 2763 —

149 2808 216 2843 925
254 2813 449 2852 exuperant
474 2819 494 2843 o
534 2831 576 2835 ——
615 2810 683 2844 926
709 2807 907 2852 αᾱαηιαῃεὶ
940 2807 1111 2842 (alamans
1130 2817 1196 2851 gn]
1232 2807 1377 2842 adamas
1397 2818 1415 2841 c
1456 2827 1496 2830 —
1539 2808 1607 2842 928
1637 2805 1759 2849 quodq.
1780 2816 1798 2840 c
1837 2825 1881 2828 *w

150 2873 217 2907 929
243 2874 347 2906 colata
371 2884 416 2907 ιιι.
