2106 3334
749 127 861 163 Liber
886 128 911 162 I.
962 129 1159 163 682—712.
1758 129 1811 169 23

306 273 349 314 in
380 273 573 327 longum3
606 271 669 312 bis
702 285 774 312 sex
805 271 970 311 latescit
1000 270 1131 311 fascia
1162 274 1315 325 partes7

306 358 413 398 quae
447 343 613 384 cohibet
645 343 762 383 uario
795 342 980 382 labentia
1011 341 1151 382 sidera
1183 356 1319 382 cursu.

308 415 413 455 alter
443 415 486 454 in
516 413 742 454 aduersum
776 413 934 467 positus
968 412 1154 453 succedit
1186 412 1238 453 ad
1271 416 1408 452 arctos

235 501 286 526 685
306 490 347 526 et
378 485 552 540 paulum
584 499 608 524 a
640 485 794 525 boreae
826 498 928 538 gyro
962 498 1039 525 sua
1070 483 1140 524 fila
1172 483 1335 524 reducit

305 556 537 610 transitque
570 556 765 596 inuersae
797 568 872 609 per
904 555 1043 595 sidera
1075 553 1330 608 Cassiepiae.

304 627 400 668 inde
432 641 507 681 per
539 627 755 681 obliquum
789 626 1050 666 descendens
1081 625 1217 679 tangit
1249 625 1407 665 olorem

304 698 571 752 aestiuosque
604 701 718 738 secat
747 698 852 737 fines
885 697 1155 751 aquilamque
1189 695 1383 750 supinam

304 772 578 823 temporaque
610 771 865 822 aequantem
898 781 1047 822 gyrum
1079 780 1312 820 zonamque
1345 766 1551 806 ferentem

234 853 285 879 690
305 838 402 878 solis
436 853 565 893 equos
598 839 706 879 inter
739 838 930 889 caudam,
964 852 1047 892 qua
1080 837 1269 892 scorpius
1303 836 1434 888 ardet,

303 915 619 964 extremamque
653 909 844 963 sagittari
875 909 1043 949 laeuam
1074 912 1201 963 atque
1234 907 1444 962 sagittam.

302 979 398 1020 inde
432 994 529 1021 suos
561 980 703 1021 sinuat
735 980 867 1020 flexus
899 993 975 1034 per
1007 993 1131 1020 crura
1162 978 1376 1033 pedesque

303 1051 493 1092 centauri
524 1051 695 1092 alterius
727 1064 958 1104 rursusque
991 1050 1220 1091 ascendere
1253 1049 1417 1090 caelum

300 1122 447 1176 incipit
478 1122 772 1176 Argiuumque
804 1125 939 1163 ratem
970 1135 1046 1176 per
1077 1120 1280 1176 aplustria
1312 1134 1476 1161 summa

231 1207 282 1233 695
302 1196 343 1233 et
374 1193 560 1234 medium
592 1193 740 1234 mundi
770 1206 921 1247 gyrum
954 1193 1230 1247 geminosque
1261 1205 1336 1246 per
1368 1191 1453 1231 ima

301 1263 421 1318 signa
453 1268 579 1315 secat,
614 1264 724 1305 subit
754 1264 1022 1315 heniochum,
1056 1268 1196 1317 teque,
1229 1262 1341 1303 unde
1374 1261 1601 1316 profectus,

303 1333 532 1390 Cassiepia,
564 1340 712 1390 petens
744 1349 871 1390 super
901 1335 1039 1390 ipsum
1070 1334 1228 1375 Persea
1260 1333 1410 1374 transit

301 1405 530 1460 orbemque
563 1420 614 1446 ex
645 1406 717 1446 illa
750 1410 945 1460 coeptum
978 1405 1189 1446 concludit
1220 1405 1263 1445 in
1295 1405 1387 1458 ipsa

302 1477 460 1531 trisque
492 1481 606 1518 secat
637 1477 798 1518 medios
831 1491 956 1531 gyros
989 1480 1030 1517 et
1062 1477 1182 1530 signa
1214 1476 1420 1517 ferentem

230 1562 281 1586 700
301 1548 490 1601 partibus
523 1562 544 1588 e
576 1548 699 1600 binis,
733 1548 927 1602 quotiens
960 1547 1217 1602 praeciditur
1247 1547 1349 1601 ipse.

300 1633 378 1660 nec
411 1619 678 1674 quaerendus
711 1620 807 1660 erit:
842 1619 958 1660 uisus
990 1619 1167 1660 incurrit
1197 1619 1240 1659 in
1272 1618 1386 1673 ipsos

302 1695 449 1745 sponte
481 1705 557 1731 sua
590 1705 718 1745 seque
751 1691 841 1745 ipse
874 1691 996 1731 docet
1028 1691 1223 1745 cogitque
1255 1689 1406 1730 notari.

302 1775 485 1816 namque
516 1762 560 1802 in
593 1762 787 1802 caeruleo
820 1761 1006 1802 candens
1038 1761 1144 1801 nitet
1175 1760 1312 1801 orbita
1344 1759 1501 1800 mundo

301 1846 377 1872 ceu
410 1833 590 1873 missura
622 1833 732 1873 diem
767 1833 903 1873 subito
937 1833 1186 1887 caelumque
1219 1831 1454 1873 recludens.

229 1916 280 1943 τοῦ
300 1917 349 1943 ac
381 1904 513 1944 ueluti
546 1904 702 1945 uirides
733 1903 936 1945 discernit
967 1904 1117 1944 semita
1149 1917 1333 1957 campos,

300 1988 428 2028 quam
461 1975 557 2015 terit
588 1975 756 2016 assiduo
790 1989 1000 2016 renouans
1032 1974 1112 2015 iter
1143 1974 1279 2016 orbita
1311 1976 1466 2023 tractu3

300 2043 414 2085 inter
446 2043 615 2086 diuisas
649 2043 904 2097 aequalibus
936 2047 998 2085 cst
1029 2043 1107 2085 uia
1133 2047 1285 2097 partes

302 2120 346 2156 ut
377 2116 486 2158 freta
519 2122 747 2159 canescunt
780 2118 943 2159 sulcum
976 2118 1155 2158 ducente
1189 2117 1334 2158 carina

301 2187 596 2243 accipiuntque
628 2189 742 2230 uiam
775 2189 925 2229 fluctus
958 2188 1254 2243 spumantibus
1286 2187 1423 2238 undis,

228 2273 280 2298 710
300 2273 427 2313 quam
460 2263 592 2301 tortus
626 2274 748 2301 uerso
781 2260 914 2300 mouit
945 2260 997 2301 de
1030 2260 1197 2314 gurgite
1230 2263 1389 2311 uertex,

300 2330 503 2371 candidus
536 2332 576 2372 in
611 2332 730 2386 nigro
763 2331 875 2372 lucet
905 2332 964 2372 sic
995 2331 1116 2372 limes
1149 2331 1343 2385 Olympo,

300 2402 541 2443 caeruleum
573 2403 738 2443 findens
769 2402 931 2456 ingenti
962 2402 1122 2443 lumine
1155 2402 1373 2443 mundum.

231 2537 297 2570 683
315 2547 456 2571 cursum
471 2547 505 2571 m
524 2558 565 2560 —
582 2539 648 2572 684
666 2537 854 2572 aduersum
868 2537 959 2581 lgm
977 2537 1139 2572 aduersos
1153 2547 1171 2572 c
1189 2532 1322 2580 positsss
1335 2537 1347 2572 l
1360 2537 1493 2580 positas
1508 2546 1531 2579 g
1544 2533 1671 2578 positos
1686 2541 1719 2565 m
1731 2540 1749 2565 e
1767 2549 1807 2553 —

91 2601 157 2635 685
183 2601 348 2636 abhoreas
374 2601 416 2636 lc
445 2602 587 2637 aboreae
609 2612 646 2636 m
679 2602 724 2636 ad
746 2602 866 2637 boreae
889 2612 913 2645 g
940 2606 1035 2646 giros
1057 2612 1080 2645 g
1108 2621 1149 2625 —-
1178 2603 1244 2637 686
1272 2605 1439 2646 transque
1464 2611 1499 2635 m
1525 2598 1614 2635 cassi
1638 2596 1753 2640 copiae
1772 2604 1808 2628 m

90 2665 147 2708 (L)
168 2685 209 2689 -—
231 2668 299 2701 690
318 2666 414 2711 equis
432 2676 467 2700 m
491 2685 532 2689 —
555 2667 619 2701 691
639 2667 804 2712 sayictarz·
822 2677 857 2701 m
880 2666 908 2710 (i
927 2666 1014 2702 add.
1031 2668 1140 2710 corr.)
1162 2667 1341 2712 sagittarii
1360 2677 1387 2699 ω
1408 2686 1449 2689 -
1471 2667 1536 2700 692
1557 2664 1623 2699 693
1643 2662 1709 2697 694
1728 2660 1767 2694 in
1790 2669 1809 2692 6

90 2732 176 2774 post
205 2733 267 2766 147
294 2731 332 2766 in
360 2740 478 2775 marg.
505 2733 614 2767 notat
639 2732 651 2767 1
686 2751 726 2755 -
760 2733 827 2766 694
852 2732 929 2777 aryi
953 2727 1074 2778 vitque
1091 2743 1129 2767 m
1153 2733 1361 2777 amplustria
1383 2742 1419 2766 in
1458 2750 1493 2754 —
1529 2731 1594 2763 695
1621 2727 1694 2762 ima
1716 2725 1809 2769 lgm

89 2794 202 2830 imum
223 2806 242 2831 6
261 2816 302 2821 —-
322 2798 388 2831 697
405 2796 588 2841 cassiepeia
604 2807 698 2832 corr.
718 2797 897 2841 Cassiqu'a
916 2808 950 2832 m
971 2797 1027 2842 (L)
1055 2797 1168 2842 tanyit
1183 2807 1221 2831 m
1240 2817 1282 2821 ——
1302 2799 1368 2833 699
1388 2797 1518 2841 trisque
1536 2806 1556 2829 o
1579 2793 1745 2828 secantm
1765 2808 1807 2813 —

91 2859 157 2894 703
183 2860 289 2895 orbite
315 2871 334 2895 c
365 2880 409 2884 —
442 2861 510 2896 704
534 2862 690 2896 subitum
717 2872 753 2896 m
786 2883 827 2885 —
862 2864 928 2898 705
954 2863 1084 2897 uiridis
1110 2873 1145 2897 m
1177 2862 1312 2897 uirides
1337 2872 1363 2894 ω
1398 2882 1439 2887 -—
1467 2862 1532 2895 706
1561 2857 1675 2893 tracti—c
1700 2866 1737 2890 m
1765 2876 1806 2878 —

92 2926 156 2959 707
183 2907 307 2961 diuisis
329 2925 374 2969 lg
405 2926 528 2961 diuisis
551 2937 616 2962 mc
646 2928 760 2971 paotis
783 2927 795 2961 l
820 2927 938 2971 partis
962 2937 1026 2963 cm
1052 2929 1215 2972 pmteso
1195 2937 1218 2953 ⁰
1245 2946 1286 2950 —
1314 2929 1379 2962 711
1408 2927 1497 2961 lucet
1519 2925 1567 2960 sic
1592 2923 1690 2958 limes
1716 2931 1736 2956 o
1764 2941 1803 2944 -

92 2991 157 3024 712
181 2976 319 3036 finy'ens
336 2991 350 3026 l
370 2991 507 3036 fingens
523 3002 574 3035 gc
596 2992 734 3036 findens
751 3002 799 3028 m.
