2106 3334
770 140 882 176 Liber
907 140 969 177 111.
1019 141 1168 176 52—80.
1772 144 1823 183 67

321 299 504 340 aeraque
535 288 577 325 et
607 287 740 325 terras
772 284 1071 338 flammamque
1104 283 1344 338 undamque
1376 285 1593 323 natantem

321 360 469 397 mutua
499 356 539 396 in
575 355 783 396 alternum
816 356 1019 409 praebere
1051 355 1251 395 alimenta
1281 354 1459 406 iuberet,

322 432 368 468 ut
399 430 460 468 tot
490 427 719 481 pugnantis
750 430 916 481 regeret
949 426 1174 467 concordia
1206 439 1368 477 causaS,

268 514 301 539 55
322 502 534 552 staretque
567 500 738 538 aeterno
771 496 973 551 religatus
1005 496 1176 537 foedere
1212 495 1409 547 mundus,

323 572 543 624 exceptum
578 582 602 609 a
633 581 798 609 summa
829 581 882 608 ne
915 567 1014 622 quid
1046 567 1209 608 ratione
1242 570 1444 617 maneret,

323 644 364 681 et
396 640 508 694 quod
540 642 631 680 erat
661 638 822 689 mundi,
855 638 1012 679 mundo
1046 641 1263 692 regeretur
1296 638 1347 678 ab
1379 637 1489 692 ipso:

324 711 412 752 fata
443 723 609 765 quoque
642 713 683 750 et
715 709 824 749 uitas
854 708 1071 749 hominum
1107 707 1326 762 suspendit
1358 708 1409 748 ab
1443 707 1578 759 astris,

320 795 428 837 quae
461 794 647 822 summas
680 794 855 834 operum
887 783 1041 833 partes,
1076 793 1184 833 quae
1215 778 1322 819 lucis
1350 778 1567 831 honorem,

270 870 305 896 co
324 866 431 908 quae
464 852 621 892 famam
655 853 905 902 assererent,
939 864 1046 904 quae
1078 863 1310 904 numquam
1344 849 1455 890 fessa
1487 849 1698 900 uolarent3

324 938 432 978 quae
465 923 585 977 quasi
616 935 693 976 per
723 921 908 962 mediam
941 920 1087 961 mundi
1119 920 1368 975 praecordia
1400 923 1563 974 partem

324 994 526 1049 disposita
557 993 786 1044 obtineant,
821 991 1041 1033 Phoebum
1074 992 1302 1046 lunamque
1334 1005 1551 1046 uagasque

325 1070 365 1106 et
395 1065 569 1106 uincant
600 1064 741 1105 stellas
774 1077 850 1104 nec
885 1077 967 1104 non
1000 1063 1227 1104 uincantur
1259 1067 1300 1104 et
1330 1063 1432 1117 ipsa.

323 1136 387 1177 his
419 1136 608 1191 regimen
640 1139 793 1176 natura
824 1134 939 1175 dedit
970 1135 1246 1189 propriasque
1279 1134 1463 1175 sacrauit

270 1224 305 1250 (π,
323 1208 551 1261 unicuique
583 1207 698 1247 uices
731 1206 952 1260 sanxitque
984 1219 1060 1260 per
1092 1206 1246 1258 omnia,
1281 1219 1490 1247 summam

323 1279 509 1333 undique
541 1278 601 1319 uti
633 1277 709 1318 fati
742 1277 847 1318 ratio
881 1277 1120 1318 traheretur
1151 1277 1193 1318 in
1226 1290 1367 1318 unam.

324 1364 422 1391 nam
456 1349 752 1403 quodcumque
785 1362 919 1402 genus
950 1362 1106 1399 rerum,
1140 1348 1436 1402 quodcumque
1468 1347 1675 1401 laborum,

327 1434 518 1476 quaeque
552 1433 681 1475 opera
714 1423 839 1474 atque
872 1423 996 1471 artes,
1031 1419 1286 1474 quicumque
1318 1433 1394 1474 per
1425 1419 1567 1460 omnia
1598 1433 1720 1460 casus

325 1493 513 1533 humana
544 1492 586 1532 in
619 1491 707 1532 uita
737 1494 933 1545 poterant
965 1491 1210 1545 contingere
1243 1494 1368 1543 sorte,

271 1579 306 1606 70
326 1563 545 1618 complexa
577 1566 640 1603 est
671 1566 732 1603 tot
763 1566 804 1602 et
834 1562 877 1602 in
908 1565 1063 1617 partes,
1095 1565 1197 1616 quot
1229 1565 1270 1602 et
1301 1565 1415 1603 astra
1446 1561 1618 1613 locarat,

327 1634 532 1689 disposuit
564 1637 783 1688 certasque
816 1633 943 1684 uices,
978 1647 1054 1674 sua
1086 1633 1259 1674 nomina
1291 1633 1442 1687 cuique

327 1706 517 1747 attribuit
548 1708 767 1759 totumque
798 1704 981 1745 hominis
1013 1718 1089 1759 per
1120 1704 1258 1745 sidera
1291 1718 1463 1745 censum

327 1776 473 1818 ordine
506 1776 582 1817 sub
616 1779 729 1817 certo
762 1775 893 1829 duxit,
926 1789 1023 1830 pars
1057 1789 1224 1830 semper
1254 1779 1301 1816 ut
1333 1775 1470 1816 eidem

327 1847 504 1889 confinis
535 1847 645 1902 parti
676 1846 827 1888 uicinis
859 1850 989 1888 staret
1020 1847 1062 1887 in
1094 1846 1221 1889 aruis.
1521 1831 1540 1839 μ’

274 1935 308 1962 75
326 1919 478 1960 horum
511 1932 686 1973 operum
719 1921 851 1959 sortes
884 1918 937 1959 ad
969 1918 1136 1973 singula
1167 1918 1288 1973 signa
1318 1918 1488 1970 locauit,

327 2004 410 2031 non
442 1994 489 2030 ut
519 1990 562 2030 in
595 1993 768 2030 aeterna
801 1989 907 2030 caeli
939 1989 1119 2031 statione
1152 1993 1373 2030 manerent

328 2065 369 2103 et
401 2065 574 2103 cunctos
604 2060 823 2102 hominum
855 2061 1014 2116 pariter
1045 2061 1313 2103 traherentur
1344 2061 1386 2102 in
1420 2065 1535 2103 ortus

330 2147 381 2174 ex
413 2132 571 2174 eisdem
603 2133 781 2188 repetita
811 2132 934 2184 locis3
967 2132 1040 2173 sed
1073 2136 1262 2188 tempore
1294 2132 1415 2174 sedes

329 2207 576 2245 nascentum
608 2204 848 2258 acciperent
878 2204 1070 2259 proprias
1103 2204 1317 2259 signisque
1350 2204 1596 2259 migrarent,

276 2292 310 2318 80
330 2279 456 2330 atque
488 2275 590 2316 alias
623 2275 696 2316 alii
729 2289 818 2316 sors
852 2289 1044 2329 quaeque
1077 2275 1297 2316 accederet
1329 2279 1456 2328 astro,

259 2415 302 2451 52
325 2416 506 2460 stammam
532 2416 732 2460 undamque
751 2415 797 2461 lg
818 2416 1064 2460 flammamque
1084 2426 1149 2451 cm
1175 2435 1216 2439 —-
1239 2417 1283 2451 54
1306 2411 1531 2461 puymmt‘isl
1557 2416 1754 2462 pugnantis
1772 2425 1841 2461 gm

112 2483 313 2527 pugnantes
336 2491 355 2516 c
393 2501 434 2504 —
472 2483 515 2516 55
553 2482 684 2517 alterno
713 2491 733 2516 o
770 2501 810 2504 —
847 2482 890 2516 56
927 2492 1065 2516 summa
1088 2491 1109 2516 o
1148 2501 1190 2504 —
1230 2481 1274 2515 60
1311 2476 1513 2526 asssslsererent
1533 2481 1547 2516 l
1583 2481 1783 2516 adsererent
1804 2491 1841 2516 m

118 2549 315 2582 assererent
332 2556 356 2591 g
378 2566 423 2570 -—
448 2548 490 2581 62
518 2546 668 2591 deposita
688 2557 722 2581 m
749 2557 901 2591 ‘nccyasue
920 2556 955 2580 m
980 2566 1025 2570 —
1049 2547 1092 2581 63
1111 2547 1278 2581 eumcum
1295 2556 1331 2580 m
1362 2548 1397 2581 et
1416 2546 1573 2582 uincunt
1588 2557 1615 2580 ω
1646 2541 1811 2581 uincetur
1828 2545 1842 2580 l

119 2612 278 2647 uincitur
296 2622 331 2646 m
358 2611 546 2647 uincentur
564 2622 588 2656 g
606 2634 650 2638 —
671 2613 714 2646 65
737 2623 821 2646 sane
837 2611 947 2655 sitque
965 2621 1001 2646 m
1024 2622 1093 2655 per
1118 2621 1191 2646 om.
1211 2622 1230 2647 c
1255 2622 1392 2646 summa
1411 2622 1431 2647 o
1452 2631 1494 2635 —-
1514 2613 1556 2647 66
1581 2602 1647 2655 urfa·
1663 2610 1677 2646 l
1701 2611 1755 2646 uti
1772 2621 1842 2655 gm

120 2679 162 2712 ut
184 2687 203 2712 c
238 2677 356 2721 fatum
382 2687 402 2712 o
440 2688 554 2711 unum
581 2686 601 2711 o
647 2697 687 2700 —
734 2678 777 2711 67
815 2676 945 2711 labores
970 2686 1007 2710 m
1055 2695 1094 2699 —-
1139 2678 1182 2711 68
1219 2687 1443 2721 quaecunque
1466 2687 1490 2721 g
1535 2698 1578 2702 -
1623 2677 1664 2711 69
1702 2678 1792 2711 sorte
1818 2686 1842 2720 g

119 2744 246 2777 sortem
270 2752 296 2774 ω
330 2761 369 2765 -
405 2742 450 2776 ’70
481 2745 528 2776 tot
557 2741 598 2776 in
617 2743 741 2785 partes
759 2741 799 2775 lc
839 2743 889 2775 tot
910 2743 942 2775 et
964 2740 1003 2775 in
1022 2750 1090 2785 gm
1128 2740 1217 2785 quod
1241 2745 1273 2776 et
1295 2741 1354 2776 lm
1392 2743 1474 2785 quot
1495 2751 1520 2785 g
1550 2743 1723 2776 uocarant
1746 2751 1767 2776 o
1798 2760 1840 2765 —

122 2809 160 2842 71
196 2806 368 2851 resposuit
395 2815 415 2841 ο
450 2805 595 2841 nomina
624 2816 645 2841 o
683 2825 723 2829 —-
761 2807 804 2841 73
834 2805 945 2840 eidem
976 2815 1044 2850 gm
1079 2805 1169 2840 idem
1199 2805 1241 2840 lc
1272 2824 1313 2828 ——
1346 2808 1388 2841 74
1424 2806 1526 2841 aruis
1556 2806 1630 2850 lgc
1666 2805 1774 2841 astris
1803 2816 1840 2841 m

124 2872 178 2916 (u1
201 2881 243 2916 u2
266 2871 320 2915 v2)
348 2891 390 2894 —
417 2872 460 2906 76
486 2871 620 2906 caelesti
637 2881 656 2906 c
687 2866 875 2906 manersstl
901 2889 946 2893 ——
972 2872 1014 2905 77
1045 2870 1246 2906 traheretur
1265 2880 1290 2915 g
1316 2889 1357 2895 ——
1385 2872 1430 2906 78
1460 2870 1594 2906 hisdem
1618 2870 1665 2915 lg
1689 2870 1798 2906 isdem
1822 2880 1842 2906 c

122 2936 248 2971 eisdem
270 2946 308 2971 m
336 2955 378 2960 —
405 2937 450 2972 80
473 2935 565 2971 alius
587 2947 660 2971 sors
677 2946 698 2972 o
725 2955 770 2961 -
795 2936 835 2971 in
861 2945 979 2980 marg.
1004 2935 1018 2970 l
1044 2935 1196 2980 signum
1224 2935 1384 2971 mendae
1410 2935 1450 2971 in
1478 2946 1501 2980 g
1527 2935 1666 2971 lacuna
1688 2933 1726 2981 ΙΙΙΙ
1755 2936 1843 2980 post

123 3000 214 3036 alius
242 3021 282 3025 a
308 3003 401 3036 astro
420 3010 452 3035 ο.

1705 3072 1749 3106 5*
