2106 3334
234 122 295 163 VI

232 262 433 304 Barbam
466 288 522 293 —-
555 288 607 292 -—
637 265 767 313 utque
792 260 961 313 aliquid
981 259 1195 312 incipiam
1229 258 1403 312 referre,
1436 259 1558 301 mitto
1583 259 1639 300 acl
1661 262 1699 300 te
1726 273 1808 312 per
1834 273 1956 313 pres-

233 333 429 387 bytcrmn
458 333 745 375 Bramlz'owm
766 331 987 372 Pismzmn
1010 355 1063 360 ——
1090 355 1141 359 —-
1166 329 1328 371 Siliam
1350 329 1570 383 Italicmn,
1606 330 1735 371 libros
1759 330 1798 371 V.
1824 329 1958 372 Statii

231 404 474 457 Silnormn,
508 403 611 444 item,
642 402 703 444 M.
734 401 977 442 Manilium
1005 399 1371 442 Astronomicmn.
1426 399 1518 452 Is*)
1552 399 1627 453 qui
1657 400 1786 441 libros
1815 404 1956 443 trans-

230 474 420 528 scripsit,
461 472 846 528 ‘2'912ornatissimum
892 471 1086 513 owmimn
1124 470 1375 511 uiuentimn
1408 470 1508 523 fait,
1549 470 1754 512 (liminare
1795 475 1958 524 oportet

232 560 317 587 non
341 545 489 598 ἱερεῖ-6,
525 544 668 596 itaque
699 557 806 596 operes
838 546 899 584 cst
928 546 977 583 ut
1005 541 1382 583 transscribantur
1409 556 1491 595 per
1523 541 1739 583 hominem
1771 542 1954 584 doctum.

230 615 322 669 Egyo
357 615 439 669 lessi
470 629 606 667 usquc
640 614 696 655 ml
728 613 862 654 XIII
888 613 1048 655 librum
1082 612 1195 666 Silii,
1225 613 1365 654 multa
1393 612 1637 666 emendam,
1671 612 1735 653 ita
1766 616 1815 654 ut
1846 616 1956 654 recto

229 685 433 728 scribenti
470 685 599 739 facile
637 685 694 727 sz‘t
725 684 890 726 ssi‘rnz'lcs
923 698 1090 726 errores
1125 683 1442 737 deprehendere
1479 698 1630 736 eosque
1664 683 1876 737 corriyerc
1909 682 1957 724 in

231 756 409 809 reliquis
442 756 578 809 libris,
619 756 764 809 itaque
803 756 859 797 (la
893 770 1068 809 operam
1106 758 1154 795 ut
1193 754 1582 807 transscribantur,
1617 758 1771 808 postca
1807 754 1957 796 mittas

228 828 325 869 illos
362 827 639 869 Florentiam
679 828 734 868 ad
772 827 1018 868 Nicolaum.
1085 825 1346 868 Orationmn
1383 826 1480 868 uolo
1520 825 1587 867 hic
1628 826 1853 879 eoeemplar
1894 839 1955 866 re-

227 913 403 940 ‹Jnanere
436 925 491 928 ——
526 925 579 928 —
614 925 667 928 —
720 900 833 941 Hinc
865 900 924 940 ita
946 903 1285 953 argumentatur:
1321 913 1404 940 non
1428 899 1563 939 uideri
1598 899 1734 953 ipsum
1769 899 1956 939 codicem

228 973 269 1012 iu
309 972 475 1012 Italiam
514 972 695 1022 uenisse,
744 971 944 1025 quoniam
987 970 1076 1010 eius
1125 985 1177 1010 ne
1223 970 1448 1023 uestigium
1493 970 1663 1024 quidem
1705 969 1956 1019 habeamus3

228 1043 301 1083 sed
334 1043 544 1097 Poggium
587 1041 861 1083 Constantiae
902 1041 1051 1082 fecisse
1084 1041 1358 1095 apographon
1399 1041 1465 1081 uel
1505 1040 1747 1081 faciendum
1786 1053 1956 1080 curasse

227 1126 303 1164 per
331 1113 510 1154 scribam
536 1113 820 1164 Helueticum,
854 1113 973 1153 cuius
996 1113 1161 1152 litterae
1191 1112 1243 1152 ab
1272 1112 1418 1153 italico
1449 1111 1693 1152 charactere
1716 1111 1956 1165 discrepent

228 1183 369 1236 (Ellisz
411 1182 493 1225 ‘the
535 1184 961 1238 writiug-somewhat
998 1184 1039 1223 in
1078 1183 1147 1223 the
1187 1182 1340 1223 Gothic
1379 1180 1533 1237 style').
1591 1180 1846 1221 Housman:
1880 1179 1956 1221 ‘est

227 1256 381 1296 Matrit.
415 1256 522 1296 liber
554 1255 822 1309 transcriptio
861 1255 973 1295 facta
1012 1269 1086 1309 per
1124 1254 1338 1295 hominem
1383 1252 1581 1294 doctum'.
1654 1252 1736 1293 Sed
1781 1266 1833 1293 ex
1876 1252 1955 1292 hac

226 1327 417 1381 epistola,
451 1330 728 1381 properanter
752 1330 796 1366 ut
818 1325 871 1366 ab
894 1326 1064 1365 homine
1098 1329 1197 1365 tunc
1220 1325 1401 1378 negotiis
1424 1324 1602 1378 publicis
1631 1323 1954 1378 occupatissimo

225 1399 392 1452 scripta,
418 1398 489 1452 qui
512 1398 743 1438 diiudicare
767 1397 910 1451 possit,
941 1400 1082 1436 utrum
1106 1396 1233 1435 etiam
1258 1395 1381 1435 Statii
1404 1399 1444 1435 et
1467 1394 1629 1435 Manilii
1652 1394 1818 1435 codices
1841 1394 1955 1448 ipsos

226 1484 277 1510 au
297 1469 544 1524 apographa
562 1483 707 1509 eorum
727 1468 867 1508 nescio
886 1467 955 1507 ubi
976 1470 1019 1507 et
1043 1481 1068 1507 a
1085 1467 1237 1520 quibus
1261 1466 1372 1506 facta
1394 1466 1583 1519 Poggius
1606 1465 1660 1506 ad
1678 1465 1954 1506 Franciscum

226 1540 461 1581 Barbarum
497 1539 819 1580 transcribenda
841 1539 1015 1589 miserit,
1048 1538 1084 1578 is
1116 1537 1219 1578 mihi
1251 1552 1432 1591 magnus
1465 1537 1545 1577 erit
1576 1536 1743 1591 Apollo.
1807 1536 1954 1591 Neque

226 1626 330 1666 opus
374 1615 437 1652 est
480 1611 761 1652 diuinatione:
813 1614 958 1650 extant
1001 1609 1113 1650 enim
1159 1609 1419 1663 exemplaria
1462 1622 1487 1649 a
1531 1608 1675 1649 codice
1719 1607 1952 1649 Matritensi

224 1682 427 1723 fidissime
460 1682 689 1737 descripta:
734 1680 776 1734 1)
811 1681 901 1722 cod.
942 1680 1126 1721 Urbinas
1168 1679 1239 1720 Nr.
1274 1680 1355 1720 668
1389 1678 1530 1732 (802),
1565 1678 1611 1731 2)
1645 1679 1735 1721 cod.
1769 1678 1954 1720 Urbinas

224 1753 296 1794 Nr.
322 1754 403 1794 667
429 1753 570 1806 (803),
604 1758 782 1807 uterque
814 1752 857 1793 in
896 1751 1153 1792 bibliotheca
1184 1751 1406 1803 Vaticana,
1444 1750 1597 1791 italicis
1636 1750 1954 1791 characteribus

227 1839 334 1866 saec.
366 1825 449 1865 XV
482 1825 656 1879 pulchre
689 1824 889 1878 scriptus:
925 1823 1078 1877 quibus
1111 1823 1233 1863 tertio
1266 1822 1358 1862 loco
1392 1821 1664 1875 adiungimus
1697 1821 1895 1862 Vossiani
1929 1822 1953 1861 :2

225 1895 446 1936 Leidensis
479 1895 571 1948 (Nr.
598 1894 703 1947 390)
737 1895 913 1935 alteram
947 1898 1112 1948 partem
1151 1908 1176 1934 a
1214 1907 1339 1933 uersu
1373 1894 1455 1933 692
1489 1893 1587 1934 libri
1619 1893 1793 1933 secundi
1833 1892 1952 1945 (nam

225 1967 340 2022 prior
377 1981 475 2021 pars
513 1967 570 2008 ita
609 1966 818 2008 consentit
855 1980 951 2006 cum
990 1964 1196 2005 Vossiano
1230 1963 1251 2004 I
1286 1987 1339 1991 ——
1374 1961 1494 2004 ‘miro
1532 1964 1718 2018 quodam
1751 1963 1876 2004 modo
1908 1965 1953 2004 in

225 2038 410 2079 minimis
464 2038 591 2078 etiam
644 2037 807 2084 erratis,
867 2040 914 2077 ut
972 2036 1151 2076 alterum
1206 2036 1258 2075 ab
1312 2035 1444 2076 altero
1503 2035 1760 2089 descriptum
1815 2033 1949 2090 putes'

225 2109 387 2161 Iacob).
456 2108 596 2149 Huius
630 2123 725 2149 cum
757 2107 913 2148 Matrit.
947 2121 1200 2147 consensum
1239 2106 1469 2146 illustrauit
1506 2105 1611 2146 Ellis
1651 2104 1951 2158 (Hermathen.

224 2180 250 2222 l.
280 2180 305 2220 l.
341 2179 613 2231 265—270):
652 2178 766 2219 idem
803 2193 881 2231 ego
921 2179 972 2219 de
1018 2178 1223 2218 Urbinate
1262 2181 1443 2232 utroque
1483 2178 1659 2232 exposui
1700 2176 1788 2229 (W.
1831 2177 1859 2217 f.
1900 2177 1950 2218 cl.

224 2250 334 2292 Phil.
379 2252 488 2291 1904
538 2250 611 2291 Nr.
655 2249 744 2301 24).
808 2250 1059 2290 Urbinatem
1105 2249 1187 2289 668
1227 2247 1354 2300 (802)
1397 2248 1539 2289 littera
1589 2263 1648 2303 ul,
1699 2246 1951 2289 Urbinatem

228 2323 308 2363 667
340 2320 466 2374 (803)
498 2321 639 2362 littera
681 2335 728 2375 112
760 2320 1017 2361 Bechertum
1057 2320 1095 2360 d.
1135 2319 1278 2360 Manil.
1318 2318 1409 2359 Em.
1450 2322 1527 2360 rat.
1561 2333 1656 2373 pag.
1692 2321 1742 2360 19
1782 2323 1951 2360 secutus

226 2393 384 2433 notaui.
458 2392 517 2432 Hi
563 2395 761 2446 quattuor
804 2391 901 2432 libri
951 2405 1078 2431 unam
1125 2395 1165 2431 et
1209 2405 1233 2431 a
1277 2390 1427 2431 ceteris
1472 2390 1699 2430 distantem
1742 2389 1951 2430 familiam

227 2463 429 2504 efficiunt.
471 2486 523 2490 —
556 2462 701 2504 Pauca
744 2462 795 2502 de
837 2461 1184 2516 inscriptionibus
1228 2465 1269 2502 et
1310 2460 1690 2516 subscriptionibus
1734 2461 1952 2502 afferenda

226 2538 335 2574 sunt.
399 2533 544 2575 Primo
588 2533 694 2574 libro
741 2533 1032 2573 subscribunt:
1091 2532 1147 2572 M.
1201 2531 1419 2573 MANILI.
1475 2531 1948 2573 ASTRONOMICON.

226 2604 413 2645 LIBER.
463 2604 692 2645 PRIMUS.
741 2602 1029 2644 EXPLICIT.
1083 2602 1314 2643 INCIPIT.
1371 2601 1673 2644 SECUNDUS
1726 2617 1767 2643 m
1815 2617 1859 2657 u1
1904 2617 1950 2657 ¹¹2

226 2674 497 2716 EXPLICIT
536 2660 711 2715 LIBER
748 2674 965 2714 PRIMUS
1007 2673 1225 2715 INCIPIT
1274 2673 1414 2715 SCDS
1454 2689 1494 2728 g,
1540 2674 1656 2714 nulla
1698 2674 1949 2728 subscriptio

227 2747 269 2787 in
302 2747 314 2786 1
348 2750 388 2787 et
420 2761 460 2797 c3
500 2746 684 2787 secundo
718 2746 846 2786 libro:
886 2744 1115 2785 MANILII
1148 2744 1326 2785 BCENI
1358 2743 1816 2785 ASTRONOMICON
1839 2758 1880 2784 m
1903 2759 1949 2799 ¹¹2

226 2816 431 2858 MANLII
446 2816 674 2871 BOEUIu1
688 2815 913 2856 EXPLIC.
930 2815 1107 2856 LIBER
1123 2814 1423 2857 SECVNDVS
1437 2814 1772 2856 PRAETATIO
1788 2814 1949 2856 LIBRI

321 2969 351 3012 *)
378 2969 418 3004 in
446 2968 527 3004 cod.
556 2968 705 3004 Venet.:
733 2965 777 3002 ‘is
804 2966 1008 3012 Presbyter
1034 2967 1101 3013 qui
1127 2966 1210 3003 tibi'
1238 2988 1279 2992 —
1307 2967 1385 3003 uel:
1412 2965 1489 3013 ‘qui
1515 2967 1720 3012 Presbyter
1745 2965 1841 3002 tibi'.
