2106 3334
197 96 278 138 138
845 93 957 128 Liber
984 92 1024 127 v.
1075 84 1272 128 420-4'46.

333 253 385 279 420
405 252 503 278 nam
537 238 653 278 uelut
685 237 773 291 ipse
806 236 899 277 citis
932 235 1165 290 perlabitur
1195 249 1380 289 aequora
1412 235 1565 289 pinnis,

405 323 516 349 nune
549 322 760 349 summum
795 307 991 348 scindens
1024 307 1201 361 pelagus
1233 321 1344 348 nunc
1376 306 1461 347 alta
1493 305 1705 360 profundi,

406 383 446 420 et
479 379 640 420 sinibus
673 379 786 420 uires
819 378 946 419 sumit
977 378 1237 432 fluetumque
1270 377 1443 431 figurat3

406 450 479 502 sie,
513 450 630 490 uenit
661 464 710 490 ex
743 450 814 491 illo
848 449 1052 504 quisquis,
1084 449 1277 490 uolitabit
1308 449 1349 489 in
1382 448 1524 489 undis:

406 535 518 562 nune
549 521 713 562 alterna
745 521 885 562 ferens
918 521 961 561 in
993 521 1128 561 lentos
1160 519 1358 561 bracchia
1390 523 1525 561 tactus

334 607 386 633 425
408 592 580 647 explosa
612 592 827 633 resonabit
858 606 982 647 aqua,
1016 606 1128 632 nuno
1161 606 1344 646 aequore
1379 605 1537 632 mersas

406 663 575 704 diducet
606 664 769 717 palmas
802 663 987 703 furtiuue
1020 677 1162 704 remus
1190 663 1231 703 in
1265 662 1371 717 ipso,

407 748 519 775 nune
550 735 592 775 in
626 749 758 789 aquas
790 738 928 775 rectus
962 734 1104 775 ueniet
1135 748 1390 788 passumque
1424 733 1586 774 notabit

406 810 447 846 et
478 805 588 846 uada
620 805 822 846 mentitus
853 805 1002 847 reddet
1033 819 1159 860 super
1190 819 1376 859 aequora
1408 819 1626 859 eampum3

407 880 479 917 aut
510 876 671 918 inmota
703 877 844 917 ferens
877 877 916 917 in
952 880 1095 930 tergus
1128 877 1320 917 membra
1350 876 1545 930 latusque

336 962 491 989 4301]οΠ
524 948 718 989 onerabit
749 963 881 1003 aquas
914 948 1175 1003 summisque
1209 948 1430 989 accumbet
1462 947 1502 988 in
1536 947 1661 988 undis

410 1020 692 1074 pendebitque
726 1035 870 1075 super;
904 1024 1040 1061 tutum
1073 1020 1162 1060 sine
1196 1019 1355 1074 remige
1389 1023 1534 1060 uotum
1567 1022 1641 1059 est.

408 1091 489 1130 illis
522 1091 563 1131 in
596 1096 723 1146 ponto
757 1091 988 1132 iucundum
1023 1095 1086 1132 est
1117 1105 1323 1145 quaerere
1355 1094 1545 1145 pontum,

404 1176 582 1216 corpora
614 1163 684 1217 qui
718 1167 917 1217 mergunt
948 1163 1072 1203 undis
1105 1163 1328 1217 ipsumque
1361 1162 1437 1202 sub
1472 1162 1604 1202 antris

407 1233 546 1274 Nerea
578 1238 619 1274 et
651 1248 883 1289 aequoreas
917 1238 1125 1275 conantur
1158 1234 1294 1274 uisere
1327 1233 1545 1287 Nymphas

336 1319 388 1345 435
409 1309 715 1359 exportantque
749 1306 877 1346 maris
912 1306 1091 1360 praedas
1124 1309 1165 1345 et
1196 1309 1318 1359 rapta
1349 1304 1558 1359 profundo

409 1376 634 1430 naufragia
667 1380 793 1431 atque
825 1377 931 1417 imas
965 1376 1080 1417 auidi
1112 1379 1354 1417 scrutantur
1385 1376 1580 1416 harenas.

406 1461 483 1501 par
515 1461 566 1487 ex
598 1447 766 1489 diuerso
800 1448 1003 1489 studium:
1038 1448 1223 1488 sociatur
1254 1451 1481 1501 utrumque

407 1518 449 1559 in
482 1533 616 1572 genus
649 1523 775 1574 atque
810 1534 892 1560 uno
925 1520 1136 1573 digestum
1170 1519 1330 1560 semine
1362 1518 1508 1572 surgit.

409 1590 662 1631 adnumeres
695 1591 821 1632 etiam
854 1591 927 1632 illa
958 1591 1057 1632 lioet
1089 1595 1269 1645 cognata
1300 1604 1376 1645 per
1408 1593 1541 1631 artem

339 1675 390 1702 440
411 1676 600 1715 corpora,
634 1677 742 1716 quae
775 1663 916 1703 ualido
950 1663 1106 1703 saliunt
1138 1676 1314 1703 excussa
1346 1666 1524 1716 petauro

411 1733 682 1788 alternosque
715 1734 828 1774 cient
860 1738 1017 1785 n1otus3
1053 1734 1217 1774 delatus
1251 1738 1292 1774 et
1323 1733 1392 1774 ille

410 1818 522 1844 nune
555 1805 675 1855 iacet,
710 1810 837 1860 atque
870 1805 994 1845 huius
1027 1819 1127 1846 casu
1160 1804 1432 1859 suspenditur
1463 1804 1554 1854 ille3

410 1876 656 1916 membraue
690 1891 765 1931 per
796 1877 990 1917 flammas
1023 1877 1231 1931 orbesque
1265 1876 1420 1917 emissa
1451 1875 1670 1930 flagrantis

412 1947 595 1988 molliter
628 1952 673 1988 ut
703 1948 874 2003 liquidis
906 1962 982 2003 per
1013 1948 1187 1989 humum
1222 1951 1439 2002 ponuntur
1470 1950 1512 1988 in
1547 1946 1683 1997 undis,

340 2033 391 2058 445
412 2018 744 2076 delphinumque
778 2034 852 2060 suo
885 2034 961 2074 per
993 2020 1119 2060 inane
1151 2019 1362 2060 imitantia
1394 2022 1511 2059 motu

412 2093 452 2129 et
484 2090 659 2131 uiduata
692 2091 836 2132 uolant
868 2091 1018 2145 pennis
1053 2095 1092 2131 et
1124 2090 1166 2131 in
1201 2094 1298 2131 aere
1329 2090 1492 2131 ludunt.

340 2196 407 2229 420
415 2195 545 2238 pinnis
557 2205 591 2230 m
602 2195 659 2237 (L)
669 2196 801 2239 pennis
811 2206 838 2228 ω
849 2216 889 2219 -
899 2197 967 2231 422
981 2196 1118 2231 senibus
1129 2205 1149 2230 o
1164 2195 1259 2230 uires
1269 2206 1290 2230 Ο
1303 2197 1417 2230 sumet
1427 2194 1501 2229 lem
1517 2194 1623 2230 sumit
1634 2205 1657 2239 g
1668 2194 1881 2239 sluctumque
1895 2204 1928 2229 m

197 2260 422 2303 fructun'zque
440 2271 466 2292 ω
496 2280 535 2283 -
564 2262 632 2295 424
657 2261 737 2295 huic
756 2272 791 2296 m
812 2261 869 2303 (L)
896 2261 979 2296 hine
1002 2272 1029 2294 (ι)
1064 2281 1104 2284 -
1138 2262 1206 2297 425
1232 2263 1265 2295 et
1287 2261 1412 2305 plausa
1429 2270 1450 2295 o
1483 2260 1666 2294 resonabat
1684 2270 1708 2301 g
1738 2271 1874 2294 mersus
1891 2259 1932 2294 lc

202 2336 331 2359 mersas
350 2335 418 2368 gn]
436 2344 476 2347 ——
499 2326 597 2360 425a
616 2324 665 2360 Et
680 2327 1238 2370 »eva-sb--m-oe-e-seneffl-eqnewsve
1246 2325 1576 2370 aequm-emaesffll
1595 2324 1752 2368 (lineola
1772 2324 1932 2367 deleuit)

199 2395 230 2425 et
255 2390 394 2424 senibus
419 2390 531 2424 uireso
556 2390 655 2425 nabit
678 2402 771 2435 aqua
796 2403 892 2426 nunc
917 2403 1063 2435 aequore
1088 2403 1221 2427 mersas
1238 2402 1275 2426 m
1301 2391 1360 2435 (E3
1389 2392 1490 2426 tacet
1511 2390 1550 2432 L)
1580 2409 1621 2413 —
1649 2391 1717 2425 426
1743 2390 1873 2425 dieutet
1895 2400 1931 2424 m

200 2455 344 2489 deducet
356 2466 382 2487 ω
397 2454 538 2498 furtiuo
553 2465 573 2489 0
591 2466 708 2489 remus
722 2466 745 2499 g
764 2468 870 2491 renus
884 2467 921 2491 m
937 2456 995 2498 (E)
1015 2457 1120 2491 remis
1133 2457 1144 2491 l
1156 2467 1217 2492 en]
1233 2457 1289 2500 (L)
1305 2476 1349 2479 —
1365 2457 1431 2492 427
1447 2455 1664 2499 ποίαῦτῖΐΙςο
1683 2455 1824 2490 notauit
1836 2465 1874 2490 m
1890 2475 1931 2479 —

201 2521 269 2555 428
295 2520 413 2554 reddit
428 2530 465 2554 m
491 2531 644 2563 aequora
663 2530 683 2553 o
712 2540 753 2544 —
781 2523 849 2556 429
874 2522 1012 2556 inmota
1029 2521 1087 2556 lm
1122 2541 1163 2545 -
1197 2523 1261 2557 431
1293 2521 1522 2566 pendebitque
1547 2516 1671 2564 *uperl
1696 2533 1734 2565 p.
1759 2532 1863 2565 super
1880 2530 1932 2564 gc

199 2597 231 2629 p.
254 2587 434 2629 pretotwn
453 2595 490 2619 ln
518 2587 634 2619 tutum
654 2596 705 2628 gc
732 2587 896 2631 remiqere
916 2597 950 2621 m
978 2589 1099 2621 uotum
1126 2594 1153 2622 ἐ.
1173 2597 1193 2622 Ο
1227 2607 1269 2610 -
1302 2588 1371 2622 433
1396 2586 1456 2631 qui
1480 2588 1680 2630 meryunto
1715 2605 1755 2609 —-
1787 2586 1857 2620 434
1882 2585 1932 2620 in-

200 2651 312 2685 sidere
331 2661 349 2685 e
378 2669 418 2673 —
447 2651 515 2685 436
541 2661 667 2684 arenas
686 2660 709 2694 g
733 2651 883 2686 harenas
900 2651 957 2686 lm
991 2672 1032 2676 —-
1067 2653 1133 2688 437
1159 2663 1243 2696 pars
1261 2662 1281 2687 o
1307 2649 1462 2695 studssum
1483 2643 1509 2663 οἵ
1534 2651 1547 2685 l
1575 2651 1734 2686 studium
1752 2661 1789 2685 m
1819 2650 1936 2685 studet

582 2704 595 2719 ι]
602 2697 660 2727 ium

201 2725 236 2756 et
252 2732 303 2766 go
336 2741 376 2745 -—
405 2723 473 2757 438
500 2722 733 2765 inqeomzzusl
760 2722 908 2767 inqemis
926 2733 960 2757 n]
990 2723 1136 2766 inqenus
1155 2733 1206 2767 gc
1231 2743 1272 2746 —
1298 2724 1366 2758 439
1388 2722 1435 2757 acl
1457 2721 1651 2757 numerosl
1676 2721 1888 2756 adnumeros
1905 2731 1932 2754 ω

201 2787 262 2821 illa
281 2797 304 2830 g
329 2787 400 2821 nlla
418 2797 445 2819 ω
471 2808 515 2810 —
542 2790 608 2822 441
636 2799 698 2831 que.
725 2798 797 2822 om.
819 2798 852 2822 m
881 2807 921 2810 —
947 2789 1015 2822 442
1039 2788 1105 2822 huc
1122 2798 1146 2831 g·
1171 2788 1261 2822 hunc
1282 2798 1315 2822 m
1343 2799 1439 2822 nune
1456 2787 1497 2821 le
1523 2807 1565 2810 —
1586 2788 1654 2822 443
1673 2787 1894 2831 membraque
1913 2796 1932 2821 c

199 2847 413 2895 fla‘qrantisl
442 2852 630 2897 flam-antes
648 2862 667 2887 e
708 2872 747 2875 m
788 2855 857 2887 444
897 2852 1075 2887 Tollitur]
1115 2873 1155 2876 -—
1196 2854 1264 2888 445
1298 2852 1547 2896 Delphinumq.
1568 2862 1592 2895 g
1624 2851 1854 2895 delfinamque
1872 2850 1931 2886 lm

201 2928 279 2951 suos
309 2928 347 2960 p.
384 2917 406 2951 i.
441 2917 607 2952 natantia
641 2919 755 2952 motus
781 2928 801 2952 o
828 2918 995 2959 (natanta
1020 2918 1072 2959 m)
1114 2937 1153 2941 —-
1195 2919 1262 2953 446
1296 2912 1423 2961 pinnis
1450 2916 1462 2951 l
1499 2917 1606 2961 pinus
1633 2927 1671 2951 m
1713 2918 1754 2951 in
1785 2913 1857 2951 orii.
1886 2915 1932 2951 lc

204 2992 282 3016 acre
300 2991 336 3016 m
357 2981 415 3023 (L)
442 2983 557 3017 matre
575 2992 612 3016 m
632 2981 702 3025 (E).
