2106 3334
239 123 344 172 VH]

380 270 612 327 Lipsiensis
642 282 726 310 non
755 266 932 308 correcti
960 265 1162 306 lectiones
1190 263 1414 319 plerasque
1439 264 1482 305 in
1511 264 1758 315 Matritensi,
1786 263 1963 305 correcti

240 345 281 385 in
321 343 489 384 Cusano
528 336 808 390 recurrere*),
842 337 1194 378 (ieniblacensein
1232 339 1372 376 autem
1413 336 1624 376 interdum
1663 348 1758 375 eum
1793 333 1962 375 Ousano

240 410 492 464 consentire,
543 411 724 467 plurima
771 409 963 463 exempla
1016 408 1182 457 docent,
1235 421 1415 461 quorum
1467 407 1571 448 haec
1624 419 1761 461 pauca
1812 405 1964 456 affer03

595 475 638 497 ius
659 473 798 497 mirantur

239 509 308 549 lib.
330 508 372 548 H
400 509 479 547 1158
505 506 841 547 exterminantur
858 503 868 543 l
888 502 1225 543 exterminantur
1243 515 1282 541 m
1302 501 1486 542 exterius
1511 501 1720 542 mirantur
1736 513 1792 554 gc
1808 523 1864 527 ——
1879 499 1963 540 439

239 564 274 577 ¹⁵·
882 566 906 585 -4—
923 564 1000 584 curat
1891 562 1912 582 ἡ-
1931 557 1964 580 ab

240 586 330 643 'fei-l
364 602 523 655 fertge
563 601 647 641 fers
681 613 722 640 m
761 622 814 627 —-
855 600 996 638 curret
1028 596 1039 636 l
1078 601 1199 637 curat
1236 611 1292 650 gc
1331 599 1473 636 curret
1511 610 1563 636 m.
1604 595 1675 636 lib.
1702 592 1765 635 III
1795 594 1879 634 324
1913 594 1966 634 ad

376 665 429 685 40
501 661 621 683 ιθῑωιιιὶῐ.

242 702 452 738 extremos
502 699 618 736 tenet
654 695 667 734 l
718 693 769 734 ad
809 696 1019 733 extremos
1063 695 1178 731 tenet
1216 705 1255 731 m
1303 690 1355 731 ab
1399 694 1587 730 extremo
1624 692 1753 730 temet
1791 702 1846 742 gc
1892 687 1966 740 (ad

243 773 452 808 extre111os
475 765 624 818 temet)
655 788 708 793 --
733 764 830 805 345.
857 756 1048 815 ‘efficiunt
1071 762 1082 802 l
1116 762 1305 803 officiunt
1329 775 1349 800 c
1382 761 1573 801 efficiunt
1596 775 1622 814 g
1644 775 1683 800 m
1718 758 1968 813 (effugiunt)

245 862 292 866 —-
331 839 414 879 369
448 831 641 878 uersetur
658 837 670 877 l
697 839 893 876 uersatur
909 848 965 888 gc
985 839 1177 875 uersetur
1196 848 1235 874 m
1255 832 1457 886 (uisetur)
1476 856 1530 859 ——
1550 830 1623 874 IV.
1644 832 1727 872 200
1746 830 1878 883 bonas
1897 831 1969 871 utl

242 911 378 951 bonus
407 913 452 949 ut
478 923 533 962 gc
568 907 701 948 bonas
732 907 945 947 inteneros
963 920 1003 946 m
1019 920 1064 960 νῇ
1090 903 1318 957 [inteneros
1339 918 1420 944 0111.
1442 902 1485 955 u]
1509 902 1658 954 (bonat
1684 902 1757 943 sed
1781 900 1969 954 teneros)

246 982 328 1021 245
363 967 510 1034 aeg4¹3=tl
544 979 631 1032 agit
653 992 708 1032 gc
743 981 839 1031 eget.
861 991 899 1017 m
934 975 1071 1029 (eget)
1106 999 1157 1003 —
1195 977 1272 1015 251
1312 966 1501 1029 frigorgil
1531 974 1691 1028 frigora
1714 988 1775 1028 gc
1811 973 1970 1027 frigore

245 1067 285 1093 m
321 1050 520 1105 (frigora)
553 1074 608 1077 Μ*
643 1051 726 1090 7531
760 1048 949 1103 potiri-ll
984 1047 1129 1102 potiris
1154 1060 1173 1086 c
1207 1046 1331 1101 potiri
1359 1061 1435 1101 gm
1469 1044 1638 1101 (potiri)
1663 1068 1714 1072 —
1741 1044 1776 1085 V
1806 1045 1857 1085 87
1896 1057 1972 1098 per

265 1111 343 1134 vadit.

247 1161 350 1202 quos
393 1146 495 1186 labit
539 1158 668 1199 equos
701 1143 713 1184 l
760 1157 836 1198 per
874 1156 978 1197 quos
1016 1141 1134 1182 uadit
1173 1155 1304 1195 equos
1334 1155 1353 1180 e
1401 1155 1476 1196 per
1514 1154 1618 1195 quos
1651 1139 1755 1180 labit
1787 1151 1918 1193 equos
1945 1152 1973 1191 g

246 1232 321 1273 per
353 1232 434 1271 quo
478 1216 606 1256 labite
651 1229 755 1269 quos
782 1228 821 1254 m
863 1212 1043 1268 (perque
1077 1213 1238 1253 uolabit
1276 1211 1427 1267 equos)
1475 1235 1526 1239 —
1567 1211 1647 1251 ῖ3)1
1685 1206 1874 1264 αξξίῒωέὲ
1901 1212 1973 1249 aut

247 1283 390 1329 offiisl
424 1288 511 1340 agit
543 1291 614 1327 aut
647 1286 754 1326 omis
777 1299 832 1339 gc
866 1284 1045 1338 agitauit
1077 1298 1182 1324 onus
1207 1297 1245 1323 m
1281 1282 1337 1338 [ul
1373 1298 1417 1338 ¹¹2
1444 1282 1505 1338 VQ}
1540 1281 1740 1336 (agitabit
1767 1279 1894 1332 onus)
1918 1303 1972 1307 -

248 1361 330 1400 ‹je-2
357 1360 533 1413 quosl‘¹¹¹⁰
561 1357 673 1397 eritl
707 1356 846 1410 quodq
882 1355 961 1395 erit
983 1369 1010 1408 g
1042 1355 1097 1408 qd
1130 1348 1212 1408 [frit
1236 1368 1258 1394 o
1293 1353 1405 1407 quod
1438 1354 1518 1394 erit
1541 1368 1580 1394 m
1614 1352 1718 1415 (quo
1741 1351 1883 1407 perit).
1919 1374 1972 1378 —

248 1431 412 1471 Similia
435 1428 627 1482 exempla
656 1430 822 1482 praesto
854 1430 950 1466 sunt
978 1425 1162 1480 plurima
1192 1429 1233 1465 et
1260 1425 1302 1465 i11
1333 1425 1483 1479 quauis
1512 1424 1668 1479 pagina
1692 1423 1975 1464 adnotationis

248 1502 418 1542 criticae
431 1500 503 1540 tibi
518 1502 757 1540 occurrent:
773 1502 959 1538 ceterum
975 1497 1110 1547 mitto,
1120 1496 1232 1551 quod
1245 1496 1510 1537 accusatiuos
1523 1495 1671 1535 tertiae
1682 1494 1976 1535 declinationis

248 1574 287 1614 in
308 1580 342 1612 is
357 1572 632 1612 terminantes
648 1568 880 1623 Lipsiensis
894 1568 1145 1622 plerumque
1163 1567 1449 1621 superscripta
1468 1566 1728 1607 correctione
1746 1572 1790 1605 es
1808 1565 1978 1606 exhibet

249 1644 388 1696 (uelut
408 1642 478 1682 [V.
505 1643 558 1681 743
593 1634 729 1681 omnis
748 1640 758 1679 l
784 1639 921 1679 omnis
939 1652 1015 1691 gni
1034 1652 1181 1679 omnes
1200 1636 1259 1690 c):
1287 1638 1392 1678 adeo
1412 1637 1517 1678 utin
1536 1641 1651 1678 tanto
1671 1637 1862 1677 codicum
1878 1637 1977 1691 lgm

250 1728 457 1755 consensu
489 1711 830 1752 terminationem
869 1710 910 1750 in
944 1724 978 1749 1s
1011 1709 1232 1749 adiectiuis
1270 1708 1565 1756 concesserim,
1606 1708 1648 1748 in
1686 1708 1978 1760 substantiuis,

250 1786 349 1840 quia
391 1783 729 1825 temninaffionem
773 1780 817 1821 in
859 1787 902 1820 es
943 1780 1039 1820 libri
1078 1779 1336 1833 praeferunt,
1378 1779 1490 1819 idem
1529 1793 1613 1819 non
1653 1792 1793 1819 ausus.
1828 1802 1880 1807 ——
1914 1778 1977 1819 Ex

250 1856 315 1896 his
357 1854 559 1908 exemplis
604 1852 823 1901 concludo,
868 1851 1159 1891 Matritensem
1204 1854 1244 1891 et
1292 1850 1560 1905 Lipsiensem
1610 1864 1694 1891 non
1742 1854 1977 1891 correctum

251 1926 407 1967 uetusti
453 1924 706 1979 exemplaris
760 1927 801 1964 et
858 1923 1037 1963 uirtutes
1097 1927 1138 1963 et
1184 1922 1288 1963 uitia
1334 1922 1417 1962 fide
1463 1936 1646 1973 seruare,
1696 1923 1979 1962 correctiones

252 1997 484 2052 Lipsiensis
518 2004 559 2037 et
590 1995 749 2036 Cusani
779 1994 983 2034 lectiones
1017 1994 1069 2034 ad
1103 1994 1310 2034 iuniorem
1350 1993 1555 2034 familiam
1592 1992 1839 2033 referendas
1872 2006 1979 2044 esse,

253 2068 605 2110 Gemblacensem
624 2067 713 2106 fere
731 2066 773 2106 in
791 2065 930 2105 medio
953 2064 1148 2119 relinqui.
1167 2088 1219 2092 -—
1239 2065 1331 2106 Iam
1353 2065 1499 2119 paucis
1522 2064 1819 2118 exponendum
1843 2068 1906 2105 est
1927 2064 1979 2104 de

254 2138 427 2180 asseclis
460 2143 500 2178 et
533 2137 691 2178 Cusani
725 2141 765 2177 et
796 2136 1068 2177 Matritensis.
1134 2135 1187 2176 Et
1223 2135 1418 2177 Cusanus
1457 2135 1641 2190 quidem,
1680 2139 1726 2176 ut
1764 2135 1979 2176 rarissime

254 2211 345 2251 sani
378 2209 537 2264 aliquid
576 2209 689 2249 solus
727 2208 869 2258 habet,
908 2208 967 2248 ita
1007 2207 1090 2248 dux
1129 2212 1191 2248 est
1230 2207 1417 2248 familiae
1451 2211 1491 2247 et
1523 2220 1699 2247 numero
1733 2211 1773 2246 et
1807 2220 1980 2261 corrup-

254 2282 367 2322 tione
406 2280 602 2334 insignis:
644 2293 743 2320 nam
788 2293 864 2333 per
903 2278 1159 2319 Vossianum
1193 2281 1228 2329 1,
1269 2278 1468 2319 Vossiani
1508 2279 1531 2318 ⁴2
1571 2278 1755 2332 priorem
1800 2282 1980 2332 partem,

255 2353 560 2402 Florentinum,
580 2350 810 2391 Vaticanos
829 2350 925 2401 duo,
944 2349 1187 2390 Parisinum
1212 2349 1263 2390 ad
1282 2349 1595 2401 Monaeensem,
1620 2348 1809 2389 omnium
1833 2349 1982 2403 opinor

255 2423 437 2464 maxime
479 2426 737 2477 corruptum,
784 2421 1068 2472 descenditur,
1116 2435 1166 2461 ex
1214 2421 1367 2475 quibus
1415 2419 1621 2461 editiones
1668 2419 1983 2460 uetustissimae

256 2495 480 2535 fluxerunt.
506 2518 559 2522 —
589 2493 655 2534 De
687 2493 896 2533 Vossiano
930 2497 1110 2546 utroque
1144 2492 1195 2532 cf.
1229 2492 1439 2533 Jacobum
1471 2492 1513 2532 in
1547 2491 1680 2546 praef.
1715 2494 1755 2530 et
1787 2490 1983 2531 Ellisium

258 2564 556 2618 (Hermathen.
597 2579 692 2619 pag.
724 2565 807 2604 265
824 2563 957 2618 sqq.);
1002 2564 1053 2604 de
1092 2563 1338 2604 Florentino
1372 2562 1447 2615 (F)
1490 2563 1745 2603 Bechertum
1784 2562 1826 2602 in
1859 2575 1982 2616 prae-

257 2637 416 2677 fatione
460 2636 656 2677 editionis
702 2649 815 2676 suae.
871 2635 1102 2676 Vaticanus
1146 2634 1219 2676 Nr.
1257 2635 1371 2676 3090
1409 2634 1525 2686 (vat.
1562 2633 1604 2686 1)
1643 2633 1841 2684 chartac„
1885 2646 1982 2687 pro-

399 2801 432 2843 *)
473 2800 720 2836 Memorabile
752 2800 969 2845 exemplum
999 2800 1089 2835 uide
1125 2799 1171 2835 ad
1200 2800 1254 2835 III
1277 2801 1357 2843 399,
1389 2798 1456 2834 ubi
1483 2809 1502 2833 c
1529 2799 1568 2833 in
1596 2797 1770 2842 margine
1801 2806 1985 2832 uersuum

260 2861 433 2896 ordinem
467 2860 665 2895 turbatum
700 2862 818 2895 notat.
869 2860 971 2895 Haec
1006 2860 1060 2895 ita
1095 2860 1300 2903 descripsit
1330 2869 1376 2894 ex
1406 2858 1579 2902 margine
1609 2856 1831 2902 Lipsiensis,
1867 2857 1907 2891 ut
1937 2864 1985 2890 ne

259 2929 462 2955 numerum
490 2919 647 2964 quidem
672 2918 853 2954 foliorum
880 2918 1099 2963 corrigeret.
1137 2917 1222 2953 Non
1250 2928 1326 2962 sex,
1354 2917 1422 2952 sed
1447 2916 1523 2952 duo
1548 2916 1643 2952 folia
1673 2914 1815 2951 Cusani
1839 2913 1986 2950 habent

260 2989 395 3014 uersus
425 2980 505 3014 280.

2098 87 2106 212 A*—
2100 0 2106 75 ..ε-
