2106 3334
785 93 898 129 Liber
922 93 982 128 IV.
1033 95 1230 129 619-646.

356 237 453 278 inde
485 237 558 278 ubi
589 237 632 277 in
665 240 865 291 angustas
898 237 1052 278 iterum
1085 251 1129 278 se
1161 237 1307 278 nauita
1339 239 1483 279 fauces

283 323 335 350 620
354 308 710 362 Hellespontiacis
743 311 965 349 reuocatus
997 308 1195 349 fluctibus
1227 309 1361 361 effert,

355 378 538 420 Icarium
570 377 876 433 Aegaeumque
910 383 1024 420 secat
1054 379 1263 434 laeuaque
1296 380 1466 421 nitentis

354 450 532 491 miratur
563 450 759 505 scopulos
792 450 919 491 Asiae
952 450 1211 506 totidemque
1246 455 1422 506 tropaea

355 525 456 576 quot
486 521 579 562 loca
612 525 652 562 et
682 522 929 562 innumeras
961 525 1107 576 gentes
1140 521 1415 576 Taurumque
1447 523 1679 564 minantem

354 591 550 633 fluctibus
584 596 624 632 et
657 591 835 633 Cilicum
867 592 1045 647 populos
1079 592 1330 647 Syriamque
1363 597 1578 647 perustam

281 676 333 703 625
352 663 601 717 ingentique
634 662 728 704 sinu
760 662 962 717 fugientis
996 676 1180 718 aequora
1211 667 1359 714 terras,

352 733 485 774 donec
517 734 561 775 in
592 734 834 788 Aegyptum
866 734 1046 775 redeunt
1077 737 1254 775 curuata
1284 748 1361 788 per
1391 735 1527 776 undas

349 804 474 845 litora
505 804 678 845 Niliacis
709 805 862 845 iterum
895 804 1119 845 morientia
1151 804 1266 859 ripis.

350 875 455 916 haec
488 875 675 916 medium
707 875 831 916 terris
864 875 1099 916 circumdat
1130 875 1242 916 linea
1274 879 1450 930 pontum

348 949 475 1000 atque
507 945 572 986 his
606 945 817 986 undarum
849 949 1031 987 tractum
1065 946 1316 1000 constringit
1347 946 1536 989 habenis.

277 1030 331 1057 030
349 1016 465 1057 mille
497 1015 637 1057 iacent
668 1016 833 1057 mediae
866 1016 1019 1057 diffusa
1051 1030 1127 1071 per
1158 1031 1346 1072 aequora
1376 1022 1526 1059 terrae.

348 1086 588 1128 Sardiniam
620 1089 663 1128 in
696 1087 854 1142 Libyco
887 1088 1058 1142 signant
1089 1088 1271 1143 uestigia
1302 1088 1488 1143 plantae,

347 1157 568 1199 Trinacria
600 1158 724 1199 Italia
755 1162 920 1200 tantum
952 1159 1143 1213 praecisa
1175 1160 1360 1200 recessit.

347 1228 530 1270 aduersa
560 1228 771 1271 Euboicos
804 1230 983 1271 miratur
1015 1228 1198 1271 Graecia
1231 1234 1408 1272 montes.

346 1303 409 1340 est
440 1300 634 1355 genetrix
668 1299 793 1341 Crete
825 1301 963 1341 ciuem
996 1301 1143 1342 sortita
1175 1301 1434 1353 Tonantem3

276 1385 328 1412 635
349 1371 532 1426 Aegypti
567 1370 727 1426 Cypros
760 1373 954 1427 pulsatur
985 1372 1182 1414 fluctibus
1215 1374 1364 1414 omnis.

345 1446 489 1496 totque
524 1442 688 1484 minora
719 1443 808 1483 sola
840 1448 882 1484 et
913 1447 1056 1485 tamen
1089 1445 1350 1499 emergentia
1381 1448 1510 1498 ponto

351 1513 486 1565 mitto,
520 1514 588 1554 uel
620 1513 814 1568 Aegaeas
847 1513 1053 1569 Cyclades
1085 1514 1311 1570 Delonque
1343 1515 1612 1571 Rhodonque

343 1584 591 1639 Aspidaque
623 1589 664 1625 et
695 1584 899 1626 Tenedon
932 1586 1157 1641 uicinaque
1191 1584 1365 1637 Corsica
1397 1588 1519 1628 terris

341 1655 465 1696 litora
500 1655 722 1697 Sardiniae
754 1656 1024 1711 primumque
1056 1657 1252 1698 intrantis
1284 1657 1326 1698 in
1360 1658 1505 1699 orbem

271 1741 323 1767 640
344 1727 491 1767 oceani
524 1727 742 1768 uictricem
775 1727 966 1769 Ebusum
999 1731 1040 1768 et
1072 1728 1293 1769 Balearica
1325 1743 1444 1781 rura3

344 1797 557 1838 innumeri
590 1803 769 1853 surgunt
800 1799 961 1854 scopuli
994 1803 1244 1854 montesque
1276 1814 1352 1855 per
1383 1801 1527 1842 altum.

344 1882 420 1909 nec
455 1872 620 1911 tantum
654 1883 705 1910 ex
737 1884 822 1911 una
852 1874 1006 1925 pontus
1040 1870 1120 1912 sibi
1151 1875 1271 1926 parte
1302 1872 1475 1913 reclusit

342 1939 535 1981 faucibus
567 1941 754 1996 abreptis
787 1941 956 1993 orbem3
989 1956 1090 1983 nam
1121 1942 1246 1984 litora
1278 1943 1401 1998 plura

343 2011 509 2066 impulit
541 2026 714 2065 oceano,
747 2013 887 2068 potius
919 2013 994 2054 sed
1025 2014 1240 2055 montibus
1273 2015 1367 2055 altis

271 2097 323 2123 045
344 2087 407 2123 est
438 2083 609 2136 uetitus,
640 2088 772 2125 totam
805 2099 859 2125 ne
891 2085 1082 2126 uinceret
1114 2099 1298 2141 aequore
1332 2090 1503 2128 terram.

341 2167 526 2209 namque
559 2154 670 2196 inter
701 2155 859 2197 borean
893 2161 1116 2212 ortumque
1149 2161 1310 2199 aestate
1342 2158 1547 2200 nitentem

1788 104 1861 142 111

271 2295 337 2328 619
370 2296 500 2330 nauita
519 2298 643 2340 partes
662 2306 680 2331 0
716 2315 756 2319 -
791 2296 859 2331 620
891 2285 1225 2343 Hellespontiacesl
1256 2299 1526 2344 helespontiaces
1546 2310 1579 2334 m
1616 2319 1656 2323 —
1692 2303 1756 2335 621
1792 2314 1864 2346 eye-

129 2370 259 2403 umque
276 2369 301 2403 3
331 2360 480 2395 nitentis
498 2370 518 2395 0
554 2380 596 2385 —
629 2362 695 2396 622
716 2362 876 2406 populus
892 2361 950 2396 lm
977 2364 1129 2408 populos
1147 2373 1174 2395 ω
1206 2364 1305 2399 asiae
1332 2364 1392 2409 etl
1431 2366 1507 2400 asia
1534 2369 1565 2400 et
1584 2375 1619 2400 m
1661 2368 1805 2410 tropaea
1824 2377 1861 2402 m

130 2424 316 2468 tropheum
348 2446 392 2450 —
426 2425 492 2460 623
519 2428 601 2469 quot
620 2435 644 2470 g
681 2427 773 2470 quod
792 2437 819 2459 ω
857 2438 1080 2472 aurumq.1n
1119 2440 1277 2473 arcumq.
1300 2440 1326 2461 ω
1359 2449 1404 2452 -
1437 2432 1504 2464 624
1535 2431 1664 2466 siriam
1687 2443 1720 2476 p.
1747 2441 1782 2466 m
1820 2452 1862 2455 ——

130 2490 196 2524 625
222 2477 427 2534 fulylmtisl
458 2490 619 2535 sugentis
636 2500 673 2525 m
705 2492 884 2536 fugientes
901 2502 925 2536 g
955 2493 1132 2538 fulyentis
1152 2503 1170 2528 c
1203 2505 1355 2538 aequora
1374 2504 1394 2528 0
1430 2514 1470 2517 —
1504 2496 1570 2530 629
1603 2496 1748 2532 harenis
1766 2507 1786 2531 0
1819 2516 1861 2520 —

130 2554 196 2587 634
223 2557 255 2589 et
273 2564 294 2588 0
316 2555 479 2599 qenitrz'ae
495 2554 542 2599 13
572 2558 667 2591 creta
686 2565 706 2591 Ο
734 2575 777 2579 -
805 2557 871 2592 635
896 2552 1074 2603 Aeffiyptia
1099 2544 1217 2603 cipl'os
1236 2553 1444 2603 piilsaturl
1470 2572 1510 2604 p.
1537 2573 1565 2595 0.
1591 2573 1662 2605 aeq.
1684 2572 1703 2595 0
1734 2574 1807 2606 aeq.
1835 2574 1862 2597 c.

127 2629 160 2663 p.
187 2627 257 2662 gm
289 2620 404 2654 omnis
429 2629 449 2654 o
486 2639 528 2642 —
562 2620 627 2655 636
660 2621 732 2656 solo
759 2624 876 2656 tamen
895 2631 932 2656 m
964 2623 1040 2658 sola
1067 2626 1185 2658 tamen
1203 2634 1230 2656 ω
1264 2643 1305 2647 -
1339 2625 1406 2659 637
1435 2625 1559 2661 littora
1587 2629 1658 2661 eto
1694 2621 1863 2670 equalisl

129 2684 265 2727 equalis
279 2693 346 2728 gm
366 2685 506 2728 equales
519 2694 539 2719 0
556 2686 706 2721 ciclades
722 2696 742 2721 0
762 2687 904 2730 doloque
917 2696 953 2721 m
973 2688 1152 2732 rodonque
1164 2687 1210 2733 lg
1230 2709 1271 2712 —
1292 2690 1358 2724 638
1372 2690 1580 2734 Aulidaque
1593 2701 1614 2726 ο
1634 2692 1800 2727 tenodum
1814 2692 1860 2736 lg

129 2751 161 2783 te
177 2750 310 2784 nodum
325 2758 344 2784 c
363 2750 529 2785 tenedum
542 2759 580 2785 m
596 2750 652 2793 (L)
672 2752 837 2786 tenedum
851 2761 888 2786 m
902 2750 961 2794 (E)
985 2753 1108 2787 uicina
1125 2764 1214 2797 quae
1229 2764 1266 2789 m
1283 2745 1415 2798 corsila
1429 2754 1441 2789 l
1465 2756 1594 2790 corsica
1610 2765 1645 2790 m
1666 2752 1772 2800 terris
1786 2756 1799 2791 l
1818 2780 1862 2783 —

129 2813 195 2848 639
222 2815 384 2858 primum
415 2815 503 2849 intr.
527 2824 552 2859 g
588 2816 668 2851 orbe
692 2825 712 2850 0
752 2835 794 2840 —-
833 2818 901 2851 640
932 2818 1078 2852 uictrice
1109 2819 1211 2861 mebu
1240 2831 1320 2854 sum
1346 2832 1488 2864 usumq.
1512 2820 1525 2854 l
1563 2822 1711 2856 uictrice
1734 2822 1864 2857 melius

126 2889 233 2913 usum
247 2888 283 2913 m
301 2879 446 2914 ebusum
460 2889 485 2923 g
498 2881 681 2916 mebusum
695 2891 715 2916 0
736 2900 778 2904 -
794 2883 857 2916 641
874 2869 1133 2918 ἱηνικνηεγάνηΙ
1152 2884 1383 2920 innumerum
1398 2895 1433 2919 m
1453 2907 1497 2911 —-
1512 2886 1579 2920 642
1593 2886 1753 2921 reclusus
1773 2896 1793 2922 ο
1816 2906 1856 2910 -

129 2944 194 2977 644
221 2944 355 2988 inpulit
373 2954 441 2988 gm
461 2946 582 2990 potius
600 2945 645 2990 13
664 2947 791 2991 pocius
809 2956 872 2981 em
895 2965 934 2970 —
961 2949 1027 2983 646
1046 2948 1210 2983 boreaml
1235 2950 1360 2984 borean
1375 2960 1428 2994 30
1453 2951 1554 2985 borea
1579 2954 1792 2996 uortumque
1807 2962 1855 2986 m.
