2106 3334
796 68 908 104 Liber
936 67 997 104 III.
1047 68 1244 103 294—323.
1828 70 1882 110 75

377 213 466 254 eius
497 212 540 254 in
573 211 813 267 exemplum
846 225 889 253 se
921 211 1043 266 signa
1075 210 1294 265 sequentia
1326 213 1508 252 uertunt.

304 299 356 327 295
374 284 479 325 haec
511 283 582 324 ubi
615 283 879 324 constiterint
910 282 1105 336 uigilanti
1137 281 1304 323 condita
1334 284 1489 334 mente,

376 356 460 396 iam
492 354 616 396 facile
649 358 710 395 est
743 355 816 406 sic,
849 353 960 409 quod
993 353 1246 408 quandoque
1278 353 1531 407 horoscopet
1562 354 1735 402 astrum,

376 439 563 478 noscere,
597 439 692 466 cum
724 425 850 466 liceat
881 424 1005 466 certis
1038 424 1255 479 surgentia
1286 423 1408 478 signa

375 497 529 537 ducere
561 496 820 551 temporibus
850 495 1115 551 propriisque
1148 494 1388 536 adscribere
1420 494 1463 535 in
1493 494 1620 535 horas

375 567 578 622 partibus,
612 571 657 608 ut
688 567 794 608 ratio
827 567 957 621 signis
990 567 1168 607 ducatur
1199 566 1252 607 ab
1283 565 1378 616 illis,

303 654 355 681 300
374 639 417 679 in
450 638 544 692 quis
574 638 772 679 Phoebus
804 638 894 690 erit,
928 651 1108 692 quorum
1140 636 1243 677 mihi
1275 636 1439 677 reddita
1471 650 1636 677 summa
1668 639 1741 676 est.

447 710 520 750 sed
552 723 689 763 neque
720 723 796 763 per
826 712 961 749 terras
993 707 1128 748 omnis
1162 721 1361 748 mensura
1392 707 1556 747 dierum

377 781 707 834 umbrarumque
740 779 888 820 eadem
921 783 996 830 est,
1030 777 1157 819 simili
1188 792 1266 818 nec
1299 781 1491 832 tempora
1523 791 1688 818 summa

376 854 612 901 mutantur3
644 849 794 891 modus
827 853 890 890 est
920 849 1064 890 uarius
1095 848 1258 889 ratione
1292 848 1368 889 sub
1402 862 1498 889 una.

370 935 469 962 nam
501 935 583 975 qua
614 919 786 961 Phrixei
818 920 1030 961 ducuntur
1060 919 1220 960 uellera
1253 920 1361 974 signi

304 1006 355 1033 305
375 992 676 1046 chelarumque
708 991 811 1032 fides
844 992 1064 1046 iustaeque
1096 991 1292 1032 examina
1323 990 1470 1043 librae,

376 1063 517 1103 omnia
549 1066 810 1116 consurgunt
841 1062 962 1103 binas
994 1061 1052 1102 ibi
1085 1062 1207 1116 signa
1238 1076 1314 1116 per
1344 1061 1485 1113 horas,

377 1133 489 1188 quod
520 1133 684 1174 medius
716 1137 830 1175 recto
863 1133 1150 1188 praecingitur
1181 1132 1328 1174 ordine
1361 1132 1544 1173 mundus

377 1205 649 1259 aequalisque
681 1219 808 1259 super
839 1208 1130 1245 transuersum
1162 1204 1343 1245 uertitur
1374 1218 1509 1245 axem.

374 1275 435 1315 illi
465 1279 671 1330 perpetua
701 1276 937 1331 iunguntur
968 1289 1071 1330 pace
1105 1275 1253 1316 diebus

305 1361 357 1389 310
377 1346 582 1387 obscurae
614 1350 780 1397 noctes3
813 1361 948 1402 aequo
982 1350 1064 1387 stat
1094 1346 1266 1387 foedere
1299 1350 1484 1401 tempus3

376 1431 454 1458 nec
486 1417 712 1459 manifesta
743 1421 860 1472 patet
890 1417 985 1458 falsi
1018 1417 1187 1459 fallacia
1219 1417 1381 1468 mundi,

377 1489 451 1529 sed
483 1488 629 1529 similis
662 1488 789 1530 simili
821 1491 906 1530 toto
939 1503 1022 1529 nox
1054 1488 1245 1529 redditur
1277 1502 1400 1529 anno.

378 1559 571 1601 omnibus
605 1563 831 1600 autumnus
864 1559 1007 1614 signis,
1043 1573 1119 1600 uer
1149 1559 1345 1600 omnibus
1378 1574 1523 1613 unum,

379 1645 462 1672 una
494 1631 605 1685 quod
637 1631 804 1685 aequali
836 1631 1038 1672 lustratur
1068 1630 1182 1671 linea
1212 1630 1399 1672 Phoebo.

306 1716 454 1744 3151160
487 1702 617 1742 refert
647 1706 760 1754 tunc,
795 1716 876 1756 quo
910 1701 1109 1743 Phoebus
1142 1701 1339 1743 decurrat
1368 1702 1410 1742 in
1444 1706 1571 1754 astro,

376 1774 627 1814 litoreumne
660 1777 814 1828 coquat
845 1787 1044 1814 cancrum
1079 1777 1281 1814 contrane
1313 1773 1488 1826 feratur,

377 1844 583 1887 sideribus
617 1845 766 1885 mediis
800 1859 852 1885 an
886 1859 994 1899 quae
1027 1848 1125 1885 sunt
1157 1848 1357 1899 quattuor
1388 1845 1508 1886 inter.

378 1917 490 1970 quod
523 1931 781 1971 quamquam
814 1931 889 1971 per
921 1917 995 1957 tris
1028 1917 1248 1971 signorum
1281 1917 1462 1957 circulus
1494 1931 1617 1958 arcus

377 1987 571 2042 obliquus
603 1989 751 2039 iaceat,
786 1993 899 2029 recto
933 1991 1074 2029 tamen
1107 1987 1254 2028 ordine
1286 2002 1416 2028 zonae

307 2074 359 2100 320
379 2063 640 2114 consurgunt
671 2073 884 2114 supraque
917 2063 1043 2114 caput
1074 2059 1301 2113 subterque
1334 2059 1528 2100 feruntur

377 2134 418 2170 et
448 2131 620 2185 paribus
654 2131 798 2186 spatiis
830 2145 905 2185 per
938 2131 1104 2186 singula
1134 2131 1268 2173 lustra
1298 2135 1540 2186 resurgunt,

378 2216 426 2242 ac
459 2202 566 2243 bene
599 2202 734 2244 diuiso
769 2203 950 2244 mundus
982 2203 1084 2244 latet
1116 2203 1216 2244 orbe
1249 2206 1462 2258 patetque.

379 2277 422 2314 at
453 2274 577 2315 simul
610 2288 660 2315 ex
692 2274 764 2315 illa
795 2278 1004 2316 terrarum
1037 2278 1155 2329 parte
1187 2275 1375 2327 recedas,

312 2470 379 2504 294
405 2469 518 2504 uersis
536 2479 556 2505 0
582 2492 623 2496 —m
651 2470 717 2504 <295
746 2468 836 2504 tibil
862 2488 903 2493 --
930 2471 996 2505 296
1022 2469 1053 2504 si
1077 2469 1166 2514 quod
1184 2479 1204 2504 0
1230 2470 1367 2505 horosco
1387 2481 1453 2514 per
1470 2480 1507 2504 m
1528 2489 1571 2492 —-
1593 2471 1659 2503 297
1686 2472 1839 2503 nosceret
1856 2478 1895 2502 m

167 2534 267 2578 sigma
286 2544 322 2568 m
348 2534 455 2579 signis
473 2546 499 2567 0)
534 2554 575 2558 —-
610 2536 677 2570 298
702 2534 931 2579 propriasque
949 2544 969 2570 ο
995 2535 1164 2570 ascribere
1181 2545 1206 2578 g
1230 2534 1320 2570 adse.
1340 2545 1367 2568 ω
1394 2558 1437 2561 —
1463 2536 1532 2570 300
1557 2545 1639 2579 quos
1657 2544 1678 2568 0
1703 2544 1853 2577 quarmn
1873 2542 1893 2567 0

170 2599 258 2633 mihi
284 2609 355 2634 om.
376 2609 400 2643 g
427 2619 467 2622 -e
496 2600 584 2634 ante
608 2600 673 2635 301
703 2600 742 2634 (le
767 2599 1054 2635 1ίη(ῑῖὶηιιεὶοηίόἰιε
1081 2599 1206 2634 mundi
1224 2609 1292 2643 gm
1327 2600 1366 2635 in
1393 2600 1543 2644 marg.l
1572 2619 1613 2623 —-
1644 2600 1709 2634 301
1738 2599 1855 2633 omnis
1873 2607 1893 2633 o

169 2664 304 2699 ratione
322 2674 342 2699 ο
361 2684 406 2687 Ἁ-
424 2664 492 2699 304
509 2676 705 2709 'numquam
724 2665 781 2700 lm
808 2669 860 2702 ηῑι
887 2660 907 2711 ἃ
926 2676 945 2700 e
970 2677 1066 2710 mmq
1084 2676 1108 2709 g
1131 2664 1245 2708 frixet
1262 2675 1286 2709 g
1305 2665 1450 2709 phrioeei
1466 2664 1553 2700 lom
1573 2684 1614 2688 —
1634 2665 1702 2699 306
1727 2664 1792 2699 sibi
1810 2673 1831 2699 o
1851 2683 1893 2686 —

170 2730 236 2764 307
255 2729 344 2773 quod
358 2739 378 2764 ο
395 2748 436 2753 -
452 2731 518 2764 309
537 2730 600 2764 inca
615 2742 639 2773 g
662 2731 713 2765 illi
727 2741 754 2763 ω
777 2731 972 2776 iwnyentm·
987 2741 1021 2765 m
1045 2730 1242 2774 iunyantur
1254 2740 1281 2762 ω
1296 2748 1338 2754 -
1354 2732 1423 2766 310
1440 2730 1622 2765 obscurare
1636 2740 1672 2764 m
1688 2730 1784 2773 foere
1798 2739 1834 2763 m
1852 2748 1892 2751 —

171 2795 238 2829 312
255 2806 314 2829 nec
329 2805 349 2830 ο
373 2806 465 2830 anno
479 2805 500 2830 o
526 2815 568 2818 —
593 2797 661 2830 313
679 2796 854 2831 acuminis
868 2806 903 2830 m
926 2816 966 2819 —
985 2796 1053 2830 315
1072 2794 1226 2839 referet]
1248 2806 1368 2839 resque
1384 2798 1466 2830 etm
1491 2794 1607 2839 quoqll
1632 2795 1823 2829 accuratu]
1848 2816 1893 2820 —

172 2860 238 2894 316
257 2860 477 2894 littoreumue
492 2870 516 2904 g
532 2860 694 2895 litoream
711 2861 903 2905 voecoquatl
921 2863 1117 2905 nequaqam&
1131 2871 1164 2895 m
1188 2879 1229 2883 -
1250 2861 1316 2894 317
1337 2860 1445 2894 medis
1461 2871 1494 2894 m
1518 2861 1595 2894 sint
1611 2870 1631 2893 o
1655 2879 1693 2882 -
1714 2860 1782 2893 318
1802 2853 1891 2894 trist

173 2923 238 2959 tris
255 2934 281 2956 ω
308 2944 351 2947 -
378 2925 445 2959 319
471 2924 621 2969 obliquos
639 2934 659 2959 Ο
685 2926 830 2961 ordinae
850 2936 885 2960 m
915 2945 955 2948 ——
982 2927 1051 2960 320
1078 2930 1255 2970 terrasque
1278 2935 1299 2960 0
1328 2945 1367 2948 ——
1396 2926 1463 2960 323
1491 2916 1577 2960 Atzl
1603 2924 1775 2960 adsimilis
1793 2934 1839 2958 m.
