2106 3334
207 120 286 160 132
854 111 964 148 Liber
991 111 1034 147 V.
1083 111 1281 146 253-281,

414 272 512 299 cara
544 255 785 298 Ariadneae
818 254 1032 310 quondam
1063 253 1326 295 monimenta
1358 267 1554 306 coronae⁷

414 334 455 371 et
486 328 624 370 mollis
656 326 842 368 tribuent
873 330 997 367 artes.
1061 325 1159 366 hinc
1191 324 1304 365 dona
1334 324 1502 379 puellae

282 404 285 408 ’
341 416 393 443 255
414 413 597 454 namque
630 399 776 440 nitent.
840 397 954 438 illinc
985 397 1125 438 oriens
1157 401 1220 438 est
1251 397 1344 452 ipsa
1375 395 1528 452 puella.

412 472 484 513 illa
516 471 625 512 colet
656 469 799 510 nitidis
831 472 1117 523 gemmantem
1151 468 1326 509 floribus
1356 467 1540 520 hortum,

411 542 607 598 pallentis
638 541 775 582 uiolas
807 544 848 581 et
880 553 1116 594 purpureos
1149 539 1400 595 hyacinthos

411 615 584 668 liliaque
616 616 657 653 et
688 611 838 666 Tyrias
870 610 1035 652 imitata
1066 624 1283 665 papauera
1314 610 1428 651 luces

413 683 715 739 uernantisque
747 696 869 724 rosae
901 681 1138 723 rubicundo
1172 682 1378 737 sanguine
1410 682 1577 733 flore1n3

340 773 393 800 260
411 756 654 798 caeruleum
686 754 799 796 foliis
831 753 1069 795 uiridemue
1098 753 1140 795 in
1174 753 1366 808 germine
1399 754 1550 795 collem

411 832 604 870 conseret
635 831 676 867 et
708 826 821 867 ueris
854 825 1057 881 depinget
1088 828 1210 880 prata
1242 825 1402 879 figuris⁷

411 904 483 941 aut
514 898 655 940 uarios
686 901 826 939 nectet
857 897 983 938 flores
1016 897 1222 951 sertisque
1254 897 1411 938 locabit

339 988 390 1015 263
411 971 669 1025 effingetque
701 983 824 1010 suum
858 968 1014 1019 simile3
1048 972 1121 1009 aut
1153 968 1195 1009 in
1228 972 1376 1009 mutua
1408 983 1576 1023 pressos

337 1060 390 1087 205
409 1044 607 1097 incoquet
639 1045 766 1096 atque
798 1040 990 1081 Arabum
1023 1040 1142 1080 siluis
1174 1040 1377 1081 mulcebit
1408 1040 1558 1081 odores

409 1119 450 1156 et
481 1114 627 1155 Medos
659 1116 878 1168 unguenta
909 1111 1026 1153 dabit
1058 1111 1288 1152 referentia
1319 1112 1457 1163 flatus,

411 1191 456 1228 ut
486 1187 540 1227 sit
571 1185 779 1227 adulterio
812 1197 1009 1225 sucorum
1042 1183 1178 1237 gratia
1212 1183 1360 1225 maior.

410 1257 643 1300 munditiae
676 1256 898 1310 cultusque
1010 1270 1034 1291 ἦε
1115 1270 1139 1291 ÷÷
1244 1259 1443 1310 artesque
1476 1256 1617 1297 decori

410 1335 451 1371 et
481 1329 738 1370 lenocinium
771 1327 885 1368 uitae
916 1341 1203 1382 praesensque
1235 1327 1444 1382 uoluptas.

338 1418 390 1445 270
411 1401 589 1456 uirginis
621 1400 700 1440 hoc
734 1399 833 1440 anni
866 1402 1047 1453 poscunt
1078 1398 1288 1452 floresque
1322 1412 1515 1439 coronae.

407 1477 450 1514 at
482 1486 577 1513 cum
611 1485 686 1526 per
718 1470 927 1511 decimam
961 1483 1222 1524 consurgens
1254 1469 1428 1510 horrida
1460 1474 1625 1525 partem

407 1544 523 1599 spica
554 1543 662 1584 feret
694 1546 916 1597 praestans
949 1541 1149 1582 uallantis
1182 1555 1335 1596 corpus
1369 1542 1534 1593 aristas,

407 1629 606 1658 aruorum
640 1615 863 1668 ingenerat
894 1612 1081 1654 studium
1114 1613 1309 1667 rurisque
1343 1613 1529 1654 colendi:

409 1687 656 1740 seminaque
689 1685 731 1726 in
764 1685 888 1725 fenus
920 1685 1095 1725 sulcatis
1128 1684 1302 1725 credere
1335 1684 1459 1726 terris

336 1775 388 1801 275
407 1771 666 1812 usuramque
699 1757 818 1811 sequi
852 1756 1057 1797 maiorem
1091 1760 1203 1796 sorte
1235 1756 1417 1811 receptis

409 1830 604 1884 frugibus
636 1827 872 1870 innumeris
903 1832 1031 1882 atque
1064 1828 1217 1868 horrea
1248 1841 1455 1882 quaerere
1488 1829 1615 1869 messi
1651 1853 1701 1856 —

408 1901 521 1957 quod
554 1900 690 1941 solum
723 1900 865 1941 decuit
896 1898 1086 1940 mortalis
1119 1913 1243 1940 nosse
1276 1899 1515 1950 metallum3

408 1973 525 2014 nulla
556 1971 705 2024 famas,
739 1985 822 2012 non
855 1970 943 2011 ulla
975 1970 1113 2011 forent
1145 1970 1305 2011 ieiunia
1336 1971 1479 2020 terris3

409 2045 528 2086 diues
561 2047 653 2084 erat
684 2057 836 2084 census
868 2042 1067 2083 saturatis
1100 2042 1299 2097 gentibus
1331 2042 1423 2083 orbi
1457 2066 1510 2069 —

337 2131 389 2158 280
410 2120 450 2157 et
482 2116 516 2156 si
548 2115 656 2156 forte
688 2114 809 2155 labor
840 2114 951 2155 ruris
983 2113 1232 2165 tardauerst,
1265 2118 1391 2166 artes,

410 2188 504 2243 quis
535 2187 625 2228 sine
657 2186 773 2227 nulla
805 2184 949 2233 Ceres,
982 2199 1067 2226 non
1101 2185 1212 2226 ullus
1244 2185 1417 2227 seminis
1450 2200 1569 2227 usus:

338 2354 407 2388 253
427 2363 513 2388 cara
526 2362 548 2388 o
565 2352 787 2388 monimenta
801 2361 825 2396 g
844 2370 885 2376 —
905 2353 974 2387 254
987 2347 1102 2387 mollis
1118 2350 1131 2386 l
1154 2350 1269 2386 molles
1283 2360 1302 2385 c
1329 2350 1485 2386 tribuent
1499 2361 1520 2386 o
1544 2353 1641 2386 artes
1657 2361 1679 2386 o
1699 2370 1741 2374 —
1760 2352 1829 2387 255
1845 2363 1930 2387 uam

196 2430 282 2463 quae
300 2417 313 2453 l
337 2429 421 2453 ravam
445 2428 515 2462 qua
533 2427 570 2452 In
596 2437 638 2440 —
656 2418 725 2452 256
742 2417 799 2452 ille
818 2426 838 2451 Ο
861 2416 1021 2460 froribus
1039 2426 1063 2460 g
1088 2418 1206 2451 ortum
1224 2415 1270 2459 lg
1290 2435 1331 2439 —
1351 2416 1418 2452 257
1440 2415 1610 2460 pallentes
1628 2426 1648 2450 0
1674 2412 1903 2461 hyaciuchtu's
1920 2416 1933 2451 l

195 2482 416 2518 Jziachinchos
434 2492 470 2517 m
494 2482 683 2517 hiacinctos
700 2492 724 2526 g
735 2502 785 2509 ³—
805 2483 874 2517 258
891 2481 1021 2526 iliaque
1039 2491 1075 2516 m
1096 2501 1137 2504 —
1157 2482 1227 2516 260
1244 2481 1441 2516 caeruleum
1457 2480 1555 2525 foliis
1573 2480 1645 2523 lgc
1667 2482 1933 2525 caeruleumque

194 2549 291 2593 foliis
308 2558 344 2583 1n
367 2547 527 2592 yerrniraee
544 2557 581 2581 m
608 2547 769 2591 qramine
786 2558 813 2579 ω
840 2567 882 2571 -
910 2548 977 2582 261
1004 2549 1200 2582 consereret
1221 2546 1318 2581 ueris
1336 2556 1371 2581 m
1399 2546 1612 2591 depinyuetl
1638 2546 1822 2592 depiuyuet
1837 2557 1862 2591 g
1889 2565 1931 2570 —

198 2614 266 2648 262
296 2606 434 2649 uectitl
459 2612 565 2647 nectit
586 2622 619 2646 n]
654 2612 780 2647 locauit
805 2623 840 2647 m
881 2632 924 2635 —
957 2613 1026 2647 263
1056 2616 1087 2647 et
1108 2611 1283 2656 fiuyetque
1309 2621 1345 2646 m
1376 2611 1585 2655 effiuyetque
1608 2622 1635 2644 ω
1665 2611 1777 2657 subsl
1807 2623 1893 2646 suus
1913 2622 1931 2646 c

196 2690 301 2714 suum
320 2689 390 2723 gm
420 2677 615 2721 similesque
639 2677 737 2712 sidus
761 2677 830 2712 inl
861 2677 994 2712 similes
1019 2677 1060 2712 iu
1079 2687 1103 2722 g
1131 2677 1229 2712 sidus
1252 2676 1448 2720 similesque
1472 2677 1513 2712 iu
1534 2687 1568 2711 n]
1604 2696 1645 2700 —
1673 2678 1741 2712 265
1769 2670 1932 2721 lucoquet

196 2743 329 2788 atquel
358 2763 398 2766 —
426 2744 494 2778 266
519 2742 649 2777 medios
667 2752 688 2777 ο
716 2761 757 2765 -—
785 2744 852 2778 267
879 2742 926 2778 ad
950 2742 1076 2777 ulterio
1094 2741 1139 2786 lg
1164 2741 1211 2776 ad
1234 2742 1376 2776 ulterios
1400 2753 1547 2776 ‘tt-eorum
1566 2752 1602 2776 m
1635 2761 1680 2764 —
1712 2743 1781 2777 268
1806 2742 1933 2777 cultus-

198 2820 263 2852 que
274 2811 435 2853 artesque
448 2807 559 2843 decori
573 2817 594 2842 ο
614 2826 655 2830 -—
675 2808 739 2843 271
761 2807 806 2841 ad
820 2818 899 2842 eum
914 2817 951 2842 n]
977 2802 1089 2842 X¹¹¹¹²¹¹¹
1106 2806 1118 2841 l
1136 2806 1306 2841 decimam
1322 2817 1348 2838 ω
1366 2826 1411 2830 —
1425 2808 1493 2842 272
1505 2817 1674 2850 praeseus
1690 2807 1844 2842 ualentis
1858 2806 1931 2850 lge

192 2884 360 2916 praeseus
382 2873 553 2908 uallautis
572 2883 607 2907 m
626 2891 670 2895 ——
688 2872 756 2908 275
774 2873 922 2908 maioris
940 2883 959 2907 c
985 2873 1155 2907 maiorem
1173 2883 1200 2904 ω
1222 2891 1261 2895 —-
1281 2873 1348 2908 277
1367 2872 1526 2906 mortalis
1546 2882 1567 2907 o
1590 2891 1631 2895 —
1650 2872 1718 2908 279
1738 2872 1894 2906 saturati
1912 2880 1931 2906 c

197 2938 287 2973 orbis
306 2948 324 2972 cr
350 2939 467 2973 orbim
494 2956 538 2960 ——
564 2939 633 2972 280
658 2937 750 2972 iuris
768 2950 788 2971 o
817 2938 1015 2972 turcluuerit
1032 2948 1053 2972 0
1078 2938 1165 2972 actis
1183 2947 1219 2972 n]
1245 2938 1339 2971 artes
1356 2947 1396 2970 ω.
