2106 3334
790 88 902 125 Liber
927 89 988 125 IV.
1039 90 1237 125 282-309.
1824 95 1876 134 99

363 235 532 289 iamque
563 234 646 275 huc
678 238 803 288 atque
834 233 933 274 illuc
966 233 1120 287 agilem
1153 236 1400 273 conuertere
1432 232 1600 272 clauum

365 310 406 346 et
437 306 605 346 frenare
637 308 771 345 ratem
803 304 1039 363 fluctusque
1072 303 1275 344 effindere
1308 306 1458 354 rectos,

367 380 438 417 aut
469 376 596 416 remis
629 389 756 430 agere
788 379 828 415 et
859 375 995 415 lentas
1027 374 1242 415 inflectere
1274 377 1437 423 tonsas3

294 463 345 489 285
365 447 467 502 quin
498 446 712 501 placidum
745 445 881 487 ductis
914 459 1109 486 euerrere
1142 445 1300 486 retibus
1333 458 1493 498 aequor

365 517 642 571 litoribusque
676 517 762 558 suis
794 516 970 571 populos
1004 529 1214 571 exponere
1247 518 1390 570 captos

365 594 438 630 aut
469 603 599 630 uncos
633 589 770 630 celare
803 589 908 629 cibis
938 592 1010 629 aut
1042 602 1211 629 carcere
1243 587 1452 628 fraudem.

367 660 531 701 naualis
565 660 693 700 etiam
724 674 903 714 pugnas,
936 659 1167 713 pendentia
1196 659 1308 699 bella

366 731 602 772 attribuunt
632 730 858 785 pelagique
889 729 1069 770 infectos
1103 729 1310 783 sanguine
1341 729 1505 769 fluctus.

294 817 346 843 290
365 801 597 842 fecundum
630 815 762 855 genus
796 805 859 841 est
889 801 998 840 natis
1032 804 1073 840 et
1105 800 1242 840 amica
1274 799 1470 853 uoluptas

367 876 408 912 et
440 872 598 912 celeres
631 875 769 912 motus
800 874 1047 924 mutataque
1079 874 1231 910 cuncta
1260 883 1335 924 per
1367 883 1534 910 aeuum.

434 942 904 993 hesic-tribuunt,„meres
936 944 1061 994 atque
1094 941 1170 981 has
1203 941 1475 981 nascentibus
1507 944 1637 994 Q&

364 1014 428 1055 bis
461 1028 534 1054 sex
566 1013 744 1054 materia
775 1013 948 1068 propria
978 1012 1182 1067 pollentia
1215 1013 1348 1065 signa.

365 1084 438 1125 sed
470 1085 576 1125 nihil
608 1084 651 1125 in
684 1088 817 1125 semet
849 1088 983 1125 totum
1016 1084 1148 1134 ualet;
1182 1084 1324 1124 omnia
1355 1083 1468 1124 uires

293 1171 345 1198 295
366 1170 460 1196 cuni
495 1156 617 1197 certis
652 1156 814 1197 sociant
845 1156 976 1210 signis
1009 1155 1085 1196 sub
1118 1155 1309 1209 partibus
1342 1155 1488 1208 aequis

364 1231 405 1267 et
438 1227 556 1268 uelut
587 1226 768 1282 hospitio
801 1227 949 1267 mundi
983 1227 1237 1267 commercia
1268 1227 1451 1280 iungunt

293 1313 344 1340 297
365 1298 688 1352 concedantque
721 1312 818 1339 suas
850 1302 992 1352 partes
1025 1297 1304 1339 retinentibus
1337 1298 1472 1338 astris.

293 1384 345 1411 299
365 1384 389 1410 a
420 1384 596 1410 numero
628 1384 783 1410 nomen
816 1370 999 1424 positum
1033 1373 1108 1421 est,
1143 1369 1255 1423 quod
1286 1369 1478 1424 partibus
1511 1372 1623 1409 astra

294 1456 346 1483 300
365 1441 535 1482 condita
566 1441 739 1482 tricenis
772 1441 927 1495 triplici
960 1441 1037 1481 sub
1070 1445 1181 1481 sorte
1213 1440 1409 1481 feruntur

366 1515 407 1552 et
438 1511 630 1552 tribuunt
662 1512 792 1553 denas
824 1512 867 1552 in
901 1526 944 1552 se
978 1511 1226 1553 coeuntibus
1260 1512 1396 1558 astris,

365 1583 494 1637 inque
527 1584 665 1624 uicem
699 1583 829 1624 ternis
861 1583 1108 1624 habitantur
1140 1583 1280 1623 sidera
1311 1582 1454 1636 signis.

366 1654 425 1694 sic
458 1655 552 1695 altis
584 1658 737 1695 natura
766 1658 910 1694 manet
942 1658 1172 1708 consaepta
1202 1653 1401 1704 tenebris,

366 1729 407 1765 et
438 1739 587 1767 uerum
620 1726 664 1766 in
697 1740 822 1766 caeco
855 1729 917 1766 est
948 1726 1166 1779 multaque
1201 1725 1426 1778 ambagine
1458 1738 1612 1764 rerum.

294 1811 345 1838 305
365 1810 443 1837 nec
475 1796 620 1842 breuis
650 1801 713 1838 est
744 1812 859 1849 usus,
891 1811 970 1837 nec
1003 1801 1117 1837 amat
1148 1796 1400 1851 compendia
1433 1796 1609 1847 caelum,

366 1882 514 1908 uerum
548 1868 640 1909 aliis
673 1868 755 1909 alia
787 1868 980 1923 opposita
1013 1871 1076 1909 est
1107 1872 1148 1908 et
1179 1867 1289 1908 fallit
1319 1868 1459 1921 imago

365 1939 651 1993 mentiturque
685 1954 781 1981 suas
812 1940 925 1980 uires
958 1944 999 1980 et
1031 1940 1204 1981 nomina
1237 1939 1358 1980 celat.

367 2025 475 2064 quae
507 2011 583 2052 tibi
615 2025 700 2053 nou
733 2011 877 2058 oculis,
912 2012 996 2052 alta
1029 2011 1102 2052 sed
1134 2014 1276 2052 mente
1308 2010 1498 2064 fuganda
1531 2013 1593 2050 est

367 2082 518 2136 caligo⁷
550 2083 805 2137 penitusque
839 2083 943 2123 deus
974 2097 1059 2124 non
1092 2082 1230 2123 fronte
1263 2081 1487 2123 notandus.

296 2228 362 2262 282
387 2228 454 2263 huc
477 2231 581 2272 atque
604 2228 821 2274 caliyinernl
839 2228 875 2272 (r
893 2228 933 2264 in
954 2229 1090 2274 marg.)
1114 2229 1182 2264 hac
1199 2230 1315 2273 adque
1327 2229 1395 2263 hac
1411 2229 1599 2273 caliyz'nem
1615 2237 1634 2261 c
1656 2226 1822 2272 (caliyine
1835 2226 1887 2269 m)

154 2293 222 2327 huc
239 2295 342 2336 atque
359 2293 447 2328 illac
464 2293 593 2338 aliyenz
611 2303 636 2337 g
660 2313 702 2316 —
729 2294 795 2328 ‘283
814 2295 998 2338 effundere
1016 2294 1044 2336 (i
1062 2304 1106 2329 ex
1126 2307 1149 2328 a
1169 2303 1262 2328 corr.
1281 2293 1308 2336 l)
1334 2294 1516 2338 effundere
1533 2302 1553 2327 0
1581 2312 1622 2315 —
1648 2293 1715 2327 284
1733 2303 1846 2327 remos
1865 2301 1888 2335 g

155 2358 262 2392 remis
280 2367 306 2389 ω
339 2358 478 2402 agitare
496 2368 520 2402 g
551 2370 654 2403 ayere
673 2370 699 2391 ω
726 2358 865 2404 (aggere
883 2358 936 2401 m)
969 2360 1113 2394 eclentas
1132 2369 1168 2393 m
1202 2362 1234 2394 et
1262 2359 1375 2394 lentas
1392 2368 1419 2390 ω
1450 2357 1628 2402 inflectere
1654 2361 1772 2392 tonsas
1795 2366 1815 2391 ο
1843 2375 1885 2379 -

157 2423 224 2457 285
262 2423 350 2466 quid
368 2432 388 2456 0
427 2435 589 2458 cuer-rere
607 2433 643 2458 m
682 2427 838 2459 euertere
856 2435 882 2456 ω
921 2444 961 2448 —
999 2425 1064 2459 287
1094 2425 1269 2459 iuncosm
1305 2443 1348 2446 —
1381 2424 1449 2458 288
1479 2416 1657 2466 ηαμαῐῗῖεΙ
1687 2423 1833 2458 naualis
1850 2432 1888 2457 111

155 2488 305 2522 nauales
322 2496 374 2531 gc
402 2508 443 2511 —
469 2490 536 2523 289
563 2489 678 2523 luctas
697 2499 718 2523 O
745 2508 785 2512 —
813 2489 880 2523 290
904 2488 1032 2524 natisl
1057 2489 1180 2523 nautis
1198 2498 1249 2532 gc
1274 2489 1373 2524 natis
1390 2498 1427 2523 m
1453 2473 1653 2532 uolmfitasl
1678 2472 1847 2522 uoluntas
1865 2497 1890 2531 g

156 2553 323 2597 uoluptas
341 2562 360 2586 c
391 2553 562 2588 uoluntas
580 2563 618 2588 111
653 2573 695 2577 -
728 2554 817 2588 ante
843 2555 911 2588 294
939 2555 1101 2588 decanico
1125 2563 1162 2587 m
1189 2553 1246 2596 (L)
1279 2573 1322 2576 —
1355 2555 1424 2588 294
1448 2554 1488 2588 in
1514 2556 1626 2588 totum
1650 2555 1756 2588 semet
1781 2562 1818 2586 111
1844 2574 1889 2577 ψ

158 2618 225 2652 295
257 2617 420 2652 sotiantl
459 2637 502 2640 —
541 2618 608 2653 296
634 2619 785 2664 hospicio
809 2628 833 2662 g
873 2637 915 2641 *-
955 2619 1020 2653 297
1042 2612 1195 2663 part-{sl
1221 2621 1388 2663 partesoe
1428 2637 1470 2641 —
1510 2619 1577 2653 298
1608 2626 1741 2653 uersus
1766 2617 1890 2652 instar

156 2681 342 2717 traditur:
369 2695 478 2726 quam
491 2686 637 2727 partem
658 2685 812 2728 deyanae
831 2684 952 2718 dixere
971 2684 1135 2718 decanica
1149 2686 1282 2728 yentes.
1316 2677 1476 2729 deffianel
1503 2684 1634 2728 deyane
1652 2692 1670 2717 c
1698 2683 1849 2717 dec-anae
1866 2691 1890 2726 g

159 2748 313 2792 aeganae
339 2757 375 2781 111
413 2749 537 2783 dixere
562 2758 583 2783 o
615 2747 738 2793 [ditem
769 2748 812 2783 V.
838 2747 870 2791 1]
909 2749 1073 2783 decanica
1100 2759 1121 2783 o
1155 2767 1196 2772 —-
1230 2749 1296 2784 299
1333 2751 1393 2784 An
1423 2761 1458 2783 n.
1483 2747 1497 2783 1
1533 2759 1726 2783 annumero
1754 2757 1790 2782 m
1823 2746 1888 2790 (M)

156 2824 300 2847 nantem
318 2822 354 2847 111
380 2825 513 2848 namen
533 2812 575 2848 lc
600 2826 727 2849 nomen
747 2823 770 2857 g
788 2813 880 2856 (uss.
900 2814 1082 2848 298—301
1104 2812 1182 2848 des.
1202 2813 1239 2848 in
1268 2824 1308 2859 u1
1335 2813 1477 2849 adsunt
1501 2813 1540 2848 in
1568 2812 1623 2856 112)
1652 2831 1694 2835 —-
1719 2813 1787 2847 303
1813 2825 1890 2847 con-

157 2880 274 2921 specta
288 2887 309 2911 0
328 2896 370 2900 —
389 2878 457 2913 304
475 2888 556 2923 ceno
573 2877 620 2923 lg
645 2879 714 2926 celo
733 2889 753 2913 c
777 2890 876 2913 caeco
896 2888 932 2912 m
958 2879 1076 2913 multa
1094 2890 1126 2913 α.
1147 2888 1171 2922 g
1188 2900 1231 2904 —
1251 2879 1318 2913 306
1337 2879 1447 2914 aliisl
1467 2897 1508 2901 —
1528 2879 1595 2913 307
1615 2878 1704 2913 celai
1716 2887 1755 2912 m
1773 2877 1828 2920 (L)
1846 2897 1887 2901 —-

158 2943 226 2977 308
252 2943 329 2977 alia
346 2952 381 2977 0.

1747 3012 1794 3049 7*
