2106 3334
262 155 316 196 “20
913 150 1026 186 Liber
1051 149 1078 185 I.
1128 150 1326 185 588-618.

470 295 619 350 bisque
650 295 760 334 iacet
790 293 900 334 binis
933 295 1167 334 summotus
1199 290 1389 345 partibus
1423 290 1548 331 orbis.

470 380 578 407 unus
611 365 663 406 ab
697 364 761 404 his
794 368 988 418 superest
1020 366 1208 404 extremo
1241 361 1457 415 proximus
1489 360 1557 401 axi

400 453 451 478 590
472 436 664 486 circulus,
699 435 910 475 austrinas
943 435 1014 489 qui
1047 433 1215 487 stringit
1246 436 1287 472 et
1320 431 1484 472 obsidet
1516 434 1666 472 arctos.

463 508 535 548 hic
568 519 735 561 quoque
766 506 1002 547 brumalem
1035 520 1110 560 per
1142 507 1283 559 partes
1317 503 1503 558 quinque
1535 500 1748 556 relinquit,

469 582 508 618 et
540 581 745 632 quantum
779 591 803 617 a
833 580 976 618 nostro
1010 576 1203 618 sublimis
1235 574 1408 616 cardine
1441 587 1581 628 gyrus,

470 649 597 689 distat
627 647 680 689 ab
713 647 892 689 aduerso
924 647 1175 689 tantundem
1207 646 1424 701 proximus
1455 644 1529 685 illi.

463 717 524 759 sie
558 716 635 759 tibi
661 731 744 771 per
778 716 902 758 binas
934 720 1090 758 nortem
1124 730 1147 757 α
1179 713 1342 756 uertice
1370 717 1522 768 partes

399 807 449 833 595
470 788 642 831 diuisus
676 787 844 842 duplici
874 802 1047 830 summm
1080 787 1323 829 circumdat
1356 784 1592 839 Olympum

463 864 503 902 et
530 874 612 914 per
645 859 834 913 quinque
867 862 987 901 notat
1019 857 1237 914 siynantis
1271 861 1466 911 tempora
1497 856 1618 908 fines.

469 935 533 975 his
567 933 715 974 eadem
748 937 811 973 est
842 933 913 973 uia
946 947 1053 987 quae
1087 932 1245 973 mundo
1278 930 1522 986 pariterque
1555 933 1748 970 rotantur

468 1005 643 1046 inclines
676 1003 897 1059 sociosque
931 1007 1045 1044 ortus
1079 1003 1299 1044 occasibus
1333 1006 1530 1057 aequant,

467 1075 810 1131 quandoquidem
842 1078 974 1127 textu,
1008 1089 1090 1130 quo
1124 1078 1236 1115 totus
1268 1074 1455 1114 uoluitur
1487 1073 1614 1124 orbis,

399 1164 450 1191 600
469 1148 541 1188 fila
570 1147 743 1188 trahunt
775 1147 847 1187 alti
880 1161 1049 1187 cursum
1083 1146 1328 1187 comitantia
1361 1145 1464 1185 caeli

469 1219 695 1260 interualla
726 1218 818 1272 pari
852 1222 1072 1259 seruantes
1105 1217 1238 1258 limite
1270 1230 1437 1271 semper

469 1291 711 1344 diuisosque
744 1289 873 1330 semel
907 1289 1013 1330 fines
1047 1292 1288 1342 sortemque
1322 1287 1517 1328 dicatam.

467 1365 565 1402 sunt
596 1361 692 1413 duo,
727 1374 831 1414 quos
863 1360 1014 1414 recipit
1046 1360 1193 1400 ductos
1226 1373 1250 1399 a
1282 1358 1442 1399 uertice
1474 1362 1635 1411 uertex,

468 1433 577 1473 inter
609 1445 652 1471 se
685 1430 868 1483 aduersi,
902 1431 974 1485 qui
1007 1434 1180 1471 cunctos
1213 1433 1310 1470 ante
1342 1429 1498 1470 relatos

397 1520 448 1546 6115
468 1517 596 1558 seque
629 1506 775 1543 secant
807 1501 977 1556 gemino
1011 1505 1211 1542 coeuntes
1245 1501 1419 1541 cardine
1452 1499 1598 1540 mundi

468 1579 795 1628 transuersoque
826 1573 923 1628 polo
957 1576 1121 1614 rectum
1154 1573 1366 1613 ducuntur
1398 1572 1441 1612 in
1474 1585 1611 1623 axem,

468 1651 658 1700 tempora
691 1645 908 1698 signantes
941 1645 1042 1684 anni
1074 1644 1327 1698 caelumque
1360 1657 1435 1698 per
1468 1646 1582 1683 astra

469 1721 668 1772 quattuor
700 1716 742 1756 in
774 1719 917 1770 partes
950 1715 1135 1756 diuisum
1168 1715 1385 1756 mensibus
1417 1714 1577 1768 aequis.

469 1790 576 1829 alter
608 1788 660 1828 ab
695 1787 861 1828 excelso
893 1787 1124 1827 decurrens
1156 1786 1278 1827 limes
1312 1785 1494 1840 Olympo

397 1876 448 1901 610
468 1859 675 1913 serpentis
709 1858 889 1898 caudam
923 1858 1055 1898 siccas
1088 1862 1129 1898 et
1161 1857 1313 1898 diuidit
1345 1861 1483 1897 arctos

468 1936 508 1971 et
540 1931 641 1985 iuga.
673 1930 892 1970 chelarum
924 1929 1064 1970 medio
1097 1929 1321 1970 uolitantia
1353 1942 1456 1982 gyro

469 2005 785 2055 extremamque
818 2014 966 2041 secans
997 2000 1174 2054 hydram
1207 2000 1482 2054 mediumque
1514 1998 1592 2040 sub
1626 2000 1779 2040 austris

469 2077 717 2114 centaurum
753 2071 932 2112 aduerso
968 2072 1181 2112 concurrit
1212 2085 1358 2112 rursus
1392 2071 1435 2111 in
1469 2085 1546 2111 axe

468 2149 509 2184 et
540 2143 648 2184 redit
680 2143 721 2183 in
758 2142 923 2183 caelum
957 2156 1268 2197 squamosaque
1301 2146 1471 2196 tergora
1506 2141 1585 2182 ceti

398 2232 448 2257 615
468 2215 733 2270 lanigerique
768 2217 887 2254 notat
918 2213 1024 2254 fines
1057 2214 1303 2268 clarumque
1336 2214 1551 2267 trigonum

468 2285 852 2339 Andromedaeque
886 2284 1001 2325 sinus
1035 2285 1154 2337 imos,
1188 2285 1369 2339 uestigia
1401 2284 1548 2325 matris

468 2358 808 2412 principiumcple
841 2370 964 2396 suum
996 2357 1174 2411 repetito
1208 2356 1380 2397 cardine
1414 2356 1582 2396 claudit.

469 2430 575 2471 alter
606 2429 650 2469 in
682 2428 794 2468 hunc
826 2428 1013 2469 medium
1047 2442 1345 2483 summumque
1379 2427 1585 2468 incumbit
1616 2427 1659 2468 in
1692 2440 1814 2468 axem

397 2613 467 2647 590
483 2612 622 2646 (ustrina
638 2622 674 2646 m
695 2612 838 2655 (Lowm
859 2625 884 2647 u
905 2614 943 2648 et
961 2624 977 2647 s
994 2610 1104 2647 addit
1122 2610 1232 2653 corr.)
1249 2611 1436 2645 austrinus
1454 2621 1481 2642 ω
1498 2610 1649 2654 strinyct
1661 2619 1697 2644 m
1713 2628 1757 2633 —
1772 2610 1837 2644 591
1857 2609 1938 2643 hinc
1951 2618 1988 2644 m

256 2678 310 2712 hie
329 2688 355 2709 ω
376 2696 418 2700 —
438 2678 505 2712 593
524 2677 706 2711 tanta-(clem
728 2688 764 2712 ln
785 2677 992 2712 tantundem
1014 2688 1040 2709 ω
1060 2696 1099 2699 —
1115 2677 1183 2711 594
1201 2675 1303 2710 binas
1321 2685 1342 2710 o
1355 2676 1473 2721 partis
1488 2686 1525 2710 m
1545 2695 1587 2698 —
1607 2676 1674 2710 535
1692 2685 1867 2709 summam
1887 2684 1922 2709 m
1944 2693 1990 2696 —

258 2742 324 2776 596
351 2743 523 2786 signantis
540 2752 576 2776 m
604 2742 781 2786 signantes
798 2753 825 2774 ω
853 2761 894 2765 -
916 2743 981 2776 59ῖ
1009 2742 1040 2776 is
1058 2752 1077 2776 c
1103 2741 1172 2775 hiis
1190 2751 1226 2775 m
1257 2760 1298 2763 —
1319 2742 1384 2775 :399
1413 2740 1560 2785 Quando
1583 2739 1761 2783 quindiem
1782 2750 1818 2773 m
1843 2739 1933 2773 sexti
1950 2738 1990 2782 lg

255 2809 350 2841 sexto
369 2816 433 2841 cn]
461 2826 502 2829 —
531 2807 596 2841 601
626 2807 801 2841 seruantis
825 2806 917 2850 lgm
942 2811 1121 2841 seruantes
1145 2816 1164 2841 c
1193 2825 1234 2828 —
1263 2807 1329 2840 (302
1354 2810 1473 2840 sortem
1498 2804 1681 2849 finesque]
1708 2823 1750 2827 -
1778 2803 1827 2838 ad
1854 2805 1921 2839 603
1948 2803 1988 2838 in

258 2881 377 2916 marg.
403 2872 511 2906 coluri
530 2881 553 2915 g
580 2891 621 2894 —
649 2873 716 2906 603
742 2872 852 2907 uertic-
870 2883 908 2907 m
934 2891 974 2895 -„
1001 2873 1066 2906 606
1093 2868 1181 2906 recto
1202 2881 1239 2905 m
1264 2890 1310 2894 —
1334 2871 1419 2915 post
1438 2871 1502 2904 611
1530 2879 1632 2914 seqq.
1654 2869 1694 2904 in
1710 2879 1730 2904 o
1755 2868 1813 2903 secl
1830 2868 1988 2903 dimensa

256 2937 329 2971 suis
358 2946 413 2971 vs.
433 2938 502 2972 530
522 2947 602 2981 sqq.
642 2957 685 2960 —
720 2938 786 2972 (312
812 2948 935 2972 seram
957 2947 992 2971 m
1019 2936 1128 2971 asto-129
1152 2945 1173 2970 o
1213 2955 1256 2958 —
1295 2936 1362 2971 613
1387 2935 1559 2970 aduersus
1584 2945 1604 2969 c
1640 2953 1684 2957 ——
1723 2935 1791 2968 614
1816 2933 1925 2968 celum
1950 2943 1988 2967 m

947 2984 1100 3009 ÷uestiaia

256 3022 367 3054 cetum
386 3030 412 3051 ω
438 3019 521 3054 coeii
539 3019 597 3054 1111
627 3019 693 3054 ceti
719 3029 763 3063 gc
794 3039 833 3042 —
863 3022 929 3053 616
953 3003 1097 3063 fasti-qia
1117 3018 1126 3052 l
1150 3018 1294 3063 fastigia
1313 3028 1363 3062 gc
1391 3018 1537 3062 uestiyia
1557 3027 1606 3052 m.
