2106 3334
754 90 866 126 Liber
894 89 955 126 IV.
1005 91 1202 127 733—760.
1755 90 1836 132 115

246 234 276 270 ‘³⁴‘-
326 235 434 275 adde
466 249 599 288 genus
631 235 849 289 proprium
882 234 1007 275 simili
1039 234 1116 275 sub
1149 233 1308 274 semine
1339 232 1510 287 frugum

327 310 368 346 et
401 304 599 346 Cererem
632 306 753 346 uaria
784 305 1031 346 redeuntem
1064 318 1200 345 messe
1232 318 1308 358 per
1338 304 1463 345 urbes

255 391 307 418 735
327 391 404 417 nec
436 376 609 431 paribus
641 376 814 431 siliquas
846 377 1102 417 referentem
1133 375 1296 416 uiribus
1328 375 1483 426 omnis3

320 462 397 488 nec
430 452 483 499 te,
517 447 696 499 Bacche,
729 447 822 502 pari
853 447 1082 488 donantem
1115 460 1290 487 munere
1322 450 1457 486 terras

327 522 452 572 atque
485 517 589 558 alias
622 517 714 558 aliis
745 517 993 559 fundentem
1026 517 1203 558 collibus
1234 530 1361 567 uuas;

327 589 523 629 cinnama
554 603 632 629 nec
665 589 761 629 totis
794 589 951 643 passim
984 588 1202 629 nascentia
1233 587 1412 641 campis3

326 659 517 700 diuersas
548 659 760 714 pecudum
792 659 922 700 facies
954 659 1232 714 propriasque
1264 657 1452 698 ferarum

254 744 307 771 740
327 734 368 770 et
399 730 556 784 duplici
588 730 752 771 clausos
786 730 1033 784 elephantas
1067 742 1235 769 carcere
1267 731 1417 768 terrae.

326 805 427 855 quot
458 804 598 854 partes
631 800 758 852 orbis,
791 800 966 841 totidem
999 800 1076 840 sub
1108 798 1299 853 partibus
1332 798 1468 850 orbes,

326 875 372 911 ut
403 871 528 911 certis
560 871 762 925 discripta
793 871 929 911 nitent
959 869 1204 924 regionibus
1238 872 1352 909 astra

318 941 664 996 perfunduntque
697 956 772 982 suo
806 941 1018 982 subiectas
1051 940 1222 981 aethere
1255 943 1415 994 gentes.

394 1012 559 1066 laniger
590 1012 633 1052 in
665 1012 804 1053 medio
838 1012 1010 1053 sortitus
1042 1011 1182 1052 sidera
1214 1010 1372 1051 mundo

254 1098 306 1125 745
326 1097 526 1124 cancrum
559 1083 667 1124 inter
698 1083 971 1138 gelidumque
1004 1096 1179 1137 caprum
1211 1096 1286 1137 per
1317 1086 1511 1137 tempora
1542 1082 1655 1123 ueris

326 1153 475 1195 asserit
506 1154 550 1194 in
583 1154 695 1195 uires
727 1158 918 1209 pontum,
953 1168 1080 1208 quem
1111 1154 1273 1194 uicerat
1303 1153 1408 1207 ipse,

325 1226 492 1279 uirgine
524 1225 699 1280 delapsa
731 1240 827 1267 cum
859 1225 1034 1266 fratrem
1066 1225 1120 1266 ad
1151 1225 1276 1265 litora
1308 1223 1423 1264 uexit

325 1301 367 1337 et
399 1297 532 1337 minui
563 1297 736 1337 defleuit
767 1311 873 1338 onus
906 1297 1165 1351 dorsumque
1196 1295 1346 1336 leuari.

324 1368 443 1409 illum
475 1368 603 1408 etiam
636 1371 839 1409 uenerata
871 1368 970 1409 colit
1002 1368 1143 1408 uicina
1174 1366 1400 1421 Propontis

254 1453 306 1480 750
326 1438 526 1493 Assyriae
559 1443 600 1479 et
631 1442 778 1493 gentes
811 1442 853 1479 et
883 1439 978 1480 laxo
1011 1438 1154 1479 Persis
1187 1437 1358 1490 amictu,

326 1509 515 1551 uestibus
547 1510 640 1564 ipsa
671 1510 758 1551 suis
789 1510 984 1562 haerens,
1017 1507 1225 1563 Nilusque
1257 1512 1498 1549 tumescens

326 1581 369 1621 in
402 1595 601 1621 cancrum
636 1584 677 1622 et
708 1581 833 1622 tellus
865 1580 1050 1635 Aegypti
1082 1580 1197 1621 iussa
1228 1582 1390 1620 natare.

325 1656 471 1692 taurus
503 1652 632 1692 habet
664 1651 861 1707 Scythiae
894 1654 1059 1692 montes
1089 1650 1321 1704 Asiamque
1355 1653 1569 1704 potentem

327 1727 369 1763 et
400 1723 537 1763 mollis
570 1722 750 1775 Arabas,
783 1722 988 1763 siluarum
1020 1721 1124 1762 ditia
1155 1735 1301 1776 regna.

256 1809 308 1836 755
330 1794 518 1835 Euxinus
551 1792 769 1849 Scythicos
801 1797 955 1849 pontus
988 1793 1179 1834 sinuatus
1211 1791 1255 1833 in
1288 1805 1410 1833 arcus

323 1865 400 1906 sub
431 1865 611 1919 geminis
644 1868 696 1912 te,
730 1864 918 1917 Phoebe,
952 1863 1064 1915 colit,
1097 1867 1191 1918 post
1222 1862 1422 1903 bracchia
1455 1862 1629 1903 fratrem

329 1936 502 1977 ultimus
532 1936 643 1978 Eoos
677 1935 850 1991 Ganges
883 1936 955 1991 qui
988 1935 1200 1976 transfluit
1230 1933 1371 1975 Indos.

330 2007 480 2048 ardent
511 2007 743 2062 Aethiopes
776 2021 942 2059 cancro,
977 2007 1044 2048 cui
1075 2006 1285 2061 plurimus
1316 2005 1440 2060 ignis,

331 2079 410 2120 hoc
443 2079 558 2120 color
588 2079 678 2134 ipse
712 2079 845 2120 docet.
910 2078 1111 2134 Phrygia,
1144 2076 1373 2129 Nemeaee,
1407 2075 1547 2131 potiri,

260 2164 313 2192 760
331 2148 487 2191 Idaeae
518 2150 666 2192 matris
697 2149 896 2202 famulus,
928 2149 1156 2204 regnisque
1192 2148 1345 2190 ferocis

263 2292 330 2326 735
354 2287 495 2337 omnisl
518 2291 714 2336 omuisgm
738 2295 814 2326 oms
829 2301 848 2326 0
869 2309 911 2314 -
933 2292 1000 2327 737
1024 2289 1145 2326 uuas]
1166 2309 1208 2313 —
1229 2290 1298 2325 739
1315 2287 1516 2332 pecoduml
1539 2306 1581 2311 —
1606 2288 1675 2323 740
1691 2297 1814 2322 causas
1833 2296 1854 2321 o

122 2355 317 2399 elefantum
340 2355 354 2390 l
383 2356 576 2401 elefantum
595 2367 646 2401 gc
672 2357 876 2401 elephantus
894 2366 930 2391 m
964 2358 1077 2391 terras
1095 2366 1114 2390 c
1147 2373 1188 2378 —
1222 2356 1287 2390 741
1316 2352 1434 2397 quodl
1460 2352 1550 2396 quod
1566 2362 1603 2386 m
1630 2356 1710 2396 quot
1727 2361 1778 2395 gc
1812 2370 1852 2374 ——

124 2421 192 2456 742
206 2423 275 2455 eto
298 2421 471 2466 descripta
491 2421 612 2464 (deser.
633 2420 751 2463 Vrat.)
772 2431 867 2456 corr.
888 2431 932 2456 ex
951 2420 1082 2456 ἀίων-,1
1105 2419 1273 2463 discripta
1288 2428 1324 2453 In
1348 2418 1521 2462 descripta
1536 2426 1588 2461 gc
1606 2416 1804 2452 reciouibus
1819 2425 1854 2450 m

123 2485 318 2520 rationibus
333 2496 361 2518 ω
384 2505 428 2510 —
454 2488 522 2522 743
538 2480 727 2533 subiectfisl
750 2497 897 2531 aequore
917 2496 938 2521 ο
965 2505 1006 2509 -
1032 2487 1101 2521 744
1117 2484 1268 2520 sortitur
1281 2492 1380 2527 gmo
1404 2501 1447 2505 —
1472 2483 1540 2518 745
1557 2479 1742 2526 yelz'dumlll
1756 2492 1825 2525 per
1842 2480 1854 2515 l

121 2550 340 2595 gelidumque
347 2562 415 2595 per
429 2561 516 2595 gmc
539 2563 684 2596 caprum
699 2561 771 2586 om.
788 2561 808 2586 Ο
832 2551 956 2586 ueroeis
970 2560 991 2585 Ο
1012 2569 1049 2574 —
1076 2551 1144 2585 746
1166 2548 1296 2584 arserit
1308 2547 1349 2592 lg
1371 2547 1552 2582 adseram
1572 2556 1644 2581 om.
1663 2556 1714 2581 vs.
1730 2556 1750 2581 0
1768 2557 1857 2590 pon-

126 2619 270 2660 tumque
282 2616 516 2652 emuiceratm
534 2613 613 2660 717εᾶ
626 2616 639 2651 1
656 2617 734 2661 ipsa
748 2626 772 2660 g
788 2615 860 2660 ipse
875 2626 910 2650 in
928 2634 969 2639 —
986 2617 1055 2651 748
1068 2614 1201 2649 minuit
1214 2613 1227 2647 l
1246 2612 1433 2648 minutim
1449 2612 1594 2647 dorsum
1607 2612 1743 2655 lequari
1756 2620 1793 2646 m
1813 2630 1854 2633 —

127 2683 196 2717 750
221 2672 268 2716 Et
285 2672 388 2735 siffrgl
414 2673 440 2693 “t
462 2682 534 2732 sire
558 2692 609 2726 gc
641 2694 657 2716 e
681 2682 751 2716 sire
768 2691 805 2715 1n
827 2683 946 2725 gentes
964 2690 999 2715 n]
1023 2679 1136 2725 yemis
1153 2689 1180 2712 ω
1206 2697 1249 2703 -
1276 2679 1343 2714 751
1372 2668 1560 2724 tumesceu}
1584 2676 1597 2712 l
1629 2677 1819 2711 tumescent
1833 2685 1857 2720 g

129 2748 322 2782 tumescens
339 2757 404 2782 cm
443 2767 484 2770 —
522 2748 591 2783 754
614 2747 731 2782 molles
750 2756 770 2781 ο
805 2746 926 2781 arabes
943 2756 967 2789 g
1000 2744 1147 2779 harabes
1166 2754 1185 2779 0
1219 2743 1346 2778 arabas
1362 2742 1420 2777 lm
1458 2761 1499 2765 ——
1536 2743 1604 2778 755
1639 2740 1822 2775 Euminius
1844 2739 1858 2774 l

128 2812 291 2846 eum-imus
304 2822 342 2846 m
357 2811 414 2855 (L)
432 2812 551 2847 ezcwios
566 2822 585 2846 c
602 2812 754 2847 euoeiuus
767 2822 791 2855 g
814 2806 923 2846 ‹Seusl
940 2829 981 2833 —
997 2811 1065 2846 756
1081 2797 1190 2844 σοίἑέΙ
1207 2808 1289 2843 colet
1303 2818 1338 2842 1n
1358 2807 1439 2842 colit
1451 2817 1475 2851 g
1491 2807 1565 2842 bost
1577 2816 1613 2841 ln
1629 2805 1762 2850 fratris
1775 2815 1796 2841 ο
1812 2827 1855 2831 m

130 2878 196 2913 757
234 2877 380 2912 ultimus
417 2879 452 2911 et
484 2877 607 2912 solidos
631 2887 651 2911 o
688 2879 723 2911 et
753 2876 934 2911 trcmscolit
957 2874 1067 2910 India
1096 2884 1223 2908 cancer
1248 2883 1269 2908 ο
1309 2892 1351 2896 -
1391 2873 1460 2908 759
1479 2871 1615 2915 potio-ig
1641 2870 1655 2906 l
1684 2869 1814 2915 potiris
1839 2880 1858 2904 c

125 2942 238 2986 potiri
255 2952 324 2987 gn}
351 2944 427 2987 (ΠΖ)
458 2962 495 2965 ψ
526 2944 593 2978 760
622 2942 783 2986 regnique
802 2941 861 2975 lm
892 2940 1074 2985 regnisque
1092 2948 1144 2983 gc
1173 2926 1304 2980 feroceis
1321 2937 1333 2972 1
1362 2938 1494 2981 feroces
1512 2947 1549 2972 m
1578 2936 1707 2981 ferocis
1724 2945 1788 2979 gc.

1721 3006 1763 3042 8*
