2106 3334
186 92 238 133 62
837 89 948 126 Liber
977 89 1016 125 ΙΙ.
1069 91 1265 126 893-920.

396 235 577 276 aduersa
609 248 718 288 quae
750 238 869 288 parte
903 234 1019 285 nitet,
1054 233 1222 274 defessa
1255 237 1425 288 peracta

394 306 546 347 militia
578 318 809 359 rursusque
842 319 953 345 nouo
987 305 1142 345 deuota
1173 304 1310 345 labori

267 409 269 413 .
323 393 374 418 μεμε)
395 376 578 417 cardinis
610 380 651 416 et
683 375 873 417 subitura
905 376 1053 431 iugum
1086 380 1328 430 sortemque
1360 380 1596 430 potentem3

393 447 582 488 nondum
615 447 743 487 sentit
774 461 881 488 onus
914 447 1075 497 mundi,
1110 448 1193 487 iam
1227 451 1370 502 sperat
1401 447 1620 488 honorem.

395 518 650 559 daemonien
685 522 924 559 memorant
956 516 1073 569 Grai,
1107 517 1305 558 Romana
1337 531 1413 572 per
1444 532 1517 559 ora

395 589 614 643 quaeritur
646 589 689 629 in
722 603 849 629 uersu
882 589 1042 631 titulus.
1106 589 1183 630 sub
1217 589 1343 630 corde
1377 590 1518 643 sagaci

395 660 528 702 conde
561 661 701 701 locum
734 674 979 715 numenque
1012 661 1079 701 dei
1112 674 1354 715 nomenque
1388 661 1584 715 potentis,

322 748 374 773 900
394 746 503 786 quae
535 731 612 772 tibi
644 732 854 786 posterius
888 745 1066 786 magnos
1100 736 1356 772 reuocantur
1388 731 1441 772 ad
1474 746 1586 772 usus.

395 804 461 844 hic
495 807 711 844 momenta
744 807 918 844 manent
950 806 1120 844 nostrae
1151 804 1404 857 plerumque
1437 803 1584 844 salutis

392 875 589 929 bellaque
620 874 864 915 morborum
900 875 1036 916 caecis
1070 875 1304 929 pugnantia
1335 875 1443 923 telis,

392 946 555 987 uiribus
589 946 838 1000 ambiguum
871 946 1052 1000 geminis
1083 960 1261 987 casusne
1295 945 1433 997 deine,

395 1031 505 1058 nunc
538 1017 620 1058 huc
652 1032 765 1058 nunc
798 1018 897 1058 illuc
930 1021 1086 1059 sortem
1120 1017 1322 1058 mutantis
1357 1021 1593 1071 utramque.

320 1104 372 1129 νοῦ
394 1089 467 1129 sed
500 1089 688 1130 medium
724 1093 818 1144 post
851 1093 990 1130 castra
1023 1090 1135 1130 diem
1169 1093 1432 1143 curuataque
1464 1089 1649 1142 primum

394 1159 579 1201 culmina
612 1161 800 1201 nutantis
834 1175 999 1201 summo
1034 1161 1085 1201 de
1121 1160 1278 1201 uertice
1310 1159 1459 1200 mundi

394 1229 569 1270 (cethem
602 1231 800 1273 Phoebus
834 1236 949 1273 amat
1009 1230 1087 1271 sub
1122 1244 1286 1282 quoque
1320 1243 1503 1282 corpora
1535 1231 1686 1270 uestra

393 1300 632 1341 decorumst
664 1299 779 1341 uitia
812 1304 850 1341 et
882 1300 1111 1353 fortunam
1143 1315 1198 1341 ea}
1234 1299 1404 1341 uiribus
1437 1299 1531 1340 eius

394 1370 661 1424 concupiunt
693 1374 797 1414 deus
829 1373 901 1413 ille
934 1374 1052 1414 locus
1085 1374 1162 1413 sub
1197 1373 1368 1414 nomine
1402 1371 1531 1413 Graio

321 1459 374 1485 910
394 1444 558 1484 dicitur.
624 1444 719 1484 huic
755 1445 937 1485 aduersa
969 1445 1122 1495 nitens,
1158 1458 1266 1498 quae
1298 1444 1437 1498 prima
1469 1443 1654 1498 resurgit

394 1516 564 1556 sedibus
598 1530 648 1556 ex
681 1516 775 1556 iniis
809 1516 1050 1571 iterumque
1082 1516 1247 1557 reducit
1280 1515 1525 1571 Olympum,

393 1601 492 1641 pars
526 1588 672 1627 mundi
705 1588 965 1642 furuumque
999 1588 1104 1628 nitet
1136 1592 1366 1641 noctesque
1399 1587 1610 1641 gubernat

394 1663 434 1698 et
467 1658 683 1699 dominam
716 1659 909 1713 agnoscit
942 1658 1142 1700 Phoeben
1178 1658 1368 1699 fraterna
1400 1658 1619 1698 uidentem

392 1743 524 1784 regna
557 1744 632 1784 per
665 1730 869 1771 aduersas
904 1730 1009 1771 caeli
1043 1730 1253 1784 fulgentia
1284 1734 1427 1784 partes

323 1816 374 1841 915
394 1801 565 1855 fataque
599 1801 814 1842 damnosis
849 1802 1085 1842 imitantem
1118 1801 1274 1842 finibus
1308 1801 1433 1841 orbis.

393 1873 491 1913 huic
525 1873 635 1927 parti
668 1872 748 1913 dea
780 1887 935 1913 nomen
968 1873 1048 1913 erit
1078 1872 1277 1913 Romana
1308 1886 1383 1926 per
1416 1886 1503 1923 ora,

396 1942 578 1984 Graecia
612 1957 714 1984 uoce
748 1958 824 1984 sua
858 1944 1026 1984 titulum
1060 1943 1255 1998 designat
1287 1943 1483 1984 eundem.

396 2029 491 2055 arce
525 2015 598 2055 sed
632 2016 673 2055 in
708 2015 827 2067 caeli,
862 2029 946 2069 qua
978 2029 1144 2055 summa
1178 2014 1357 2055 acclinia
1388 2014 1517 2055 finem

395 2086 631 2138 inueniunt,
666 2100 750 2140 qua
781 2086 1038 2140 principium
1072 2085 1253 2126 decliuia
1286 2090 1471 2137 sumunt,

324 2172 377 2198 n20
398 2157 668 2211 culminaque
702 2158 929 2212 insurgunt
961 2171 1136 2198 occasus
1169 2158 1280 2198 inter
1313 2162 1354 2198 et
1380 2160 1502 2200 ‚ortus

325 2305 392 2339 893
430 2304 624 2349 Aduersaq.
643 2308 750 2349 parte
774 2305 864 2340 uitet
890 2305 1021 2350 defessa
1046 2305 1058 2339 l
1089 2305 1308 2348 aduersaque
1331 2304 1420 2339 uitet
1450 2307 1550 2348 parte
1571 2307 1717 2348 peracta
1746 2302 1882 2347 defessa
1905 2312 1925 2337 c

182 2369 334 2404 aduersa
371 2381 459 2413 quae
490 2373 599 2413 parte
636 2371 731 2405 uitet
766 2370 900 2414 defessa
931 2381 974 2405 su
1002 2375 1108 2412 pacta
1134 2380 1158 2414 g
1189 2370 1330 2405 diuersa
1362 2381 1432 2413 qua
1457 2379 1492 2403 m
1525 2388 1570 2393 —
1603 2370 1671 2404 896
1709 2378 1795 2412 opus
1821 2377 1842 2402 o
1881 2386 1923 2390 —

189 2436 254 2468 897
274 2434 429 2469 demouie
443 2445 461 2469 c
479 2435 667 2470 clemom‘eu
681 2446 709 2468 ω
723 2435 803 2480 9ναὶ
817 2445 838 2471 ο
857 2455 902 2458 —
916 2437 985 2470 898
1000 2446 1099 2470 uerso
1114 2446 1133 2471 c
1151 2436 1213 2470 sub
1228 2445 1249 2470 Ο
1268 2458 1313 2460 -
1332 2436 1398 2470 899
1417 2434 1555 2469 condeto
1572 2444 1854 2477 cumuumeuque
1865 2431 1925 2467 lm

183 2499 423 2543 ‹lemozaemque
447 2510 483 2534 m
518 2519 559 2523 —
595 2500 662 2535 900
687 2511 837 2545 maguus
859 2510 897 2535 m
930 2520 971 2524 —
1006 2502 1090 2544 post
1115 2502 1181 2535 901
1210 2501 1248 2534 in
1276 2499 1290 2534 1
1316 2499 1483 2544 spatium
1511 2499 1626 2534 unius
1652 2498 1791 2541 lineae,
1819 2497 1861 2532 in
1887 2507 1924 2531 m

183 2564 243 2609 (ul
262 2575 308 2608 u2
327 2564 387 2609 ἢ)
413 2564 607 2600 lemmatis
634 2565 773 2600 instar:
800 2565 892 2601 PER
920 2565 1088 2600 TANTA
1114 2564 1356 2600 PERICVLA
1385 2563 1563 2599 MORTIS
1599 2583 1640 2587 —
1669 2565 1736 2599 903
1766 2562 1891 2607 Ιὶνὸὒτιε
1913 2561 1925 2596 l

182 2630 365 2674 yemiuum
385 2640 409 2674 g
433 2641 558 2665 causus
571 2642 636 2673 que
654 2629 666 2664 l
693 2630 723 2673 (8
741 2630 828 2665 add.
849 2630 959 2669 corr.)
984 2642 1155 2675 causaque
1173 2641 1192 2666 c
1217 2641 1407 2673 causasque
1425 2639 1493 2673 gn]
1522 2630 1626 2674 (lique
1645 2639 1664 2664 c
1689 2628 1812 2673 deique
1829 2638 1856 2660 ω
1878 2649 1925 2654 -

185 2697 252 2729 904
290 2699 480 2739 utramque
505 2706 528 2739 g
566 2699 714 2740 utraque
736 2706 763 2728 ω
796 2719 840 2721 —-
874 2698 941 2731 906
974 2699 1073 2730 astra
1098 2695 1190 2730 diem
1214 2704 1234 2729 0
1278 2714 1321 2719 ——
1361 2696 1427 2729 906
1459 2695 1623 2729 nutantis
1652 2704 1673 2729 o
1712 2694 1765 2737 (m
1799 2692 1839 2733 L)
1881 2712 1925 2715 -

185 2762 250 2795 907
284 2762 425 2795 aethera
457 2760 614 2795 Phoebus
643 2764 708 2795 aut
733 2770 753 2795 0
791 2761 853 2795 sub
884 2772 1018 2805 quoque
1045 2771 1066 2796 o
1107 2783 1151 2787 —
1191 2761 1258 2795 908
1296 2759 1492 2794 decernunt
1519 2769 1539 2794 o
1577 2771 1621 2794 em
1654 2758 1795 2793 uiribus
1821 2767 1842 2792 ο
1881 2777 1924 2782 —

185 2827 251 2860 909
278 2826 492 2870 concupiunt
509 2835 530 2860 o
559 2845 601 2849 -
629 2826 698 2860 910
722 2826 788 2860 huc
807 2835 827 2860 o
854 2845 897 2849 —-
924 2826 985 2860 911
1017 2827 1110 2860 imus
1128 2836 1147 2860 c
1172 2819 1362 2860 iterumque
1387 2824 1553 2859 reducul
1578 2835 1707 2859 uerum
1732 2822 1869 2858 reducit
1887 2832 1924 2857 n]

183 2890 380 2934 iterumque
405 2903 434 2925 r.
455 2901 481 2922 ω
508 2910 550 2913 -
575 2891 641 2924 912
666 2891 856 2935 mortisque
875 2901 895 2925 0
921 2910 962 2914 —-
990 2890 1058 2925 913
1078 2891 1187 2934 phebe
1207 2901 1226 2925 c
1253 2910 1295 2913 —
1318 2891 1385 2924 915
1412 2889 1643 2932 dampuosisl
1668 2891 1868 2923 mutantem
1886 2897 1924 2923 m

183 2955 254 2990 oris·
277 2965 297 2988 o
332 2975 370 2977 ξ
408 2957 474 2989 918
501 2955 649 2989 decliuia
674 2965 694 2989 o
730 2974 770 2978 -
807 2957 874 2989 920
900 2956 1114 2999 culmuitque
1140 2966 1173 2990 m
1202 2956 1419 2999 culmineque
1441 2966 1467 2986 ω
1501 2955 1531 2988 ὧ
1556 2954 1651 2989 iuter
1669 2945 1694 2965 Μ
1715 2956 1815 2988 ortus
1835 2953 1857 2989 l.
