2106 3334
180 107 259 149 136
826 102 938 138 Liber
964 101 1007 136 V.
1057 102 1254 137 363—389.

387 248 647 301 tutelamque
679 249 829 300 gerant
862 244 1020 300 populi,
1052 245 1302 286 domibusue
1335 245 1532 299 regendis

387 317 616 374 praepositi
649 331 773 357 curas
806 316 943 357 alieno
976 316 1122 357 limine
1155 316 1367 357 claudant.

269 408 272 413 ⁴
316 406 368 432 365
387 390 627 430 arcitenens
660 402 756 428 cum
789 402 833 428 se
866 391 1000 428 totum
1032 387 1279 441 produxerit
1310 387 1448 438 undis,

386 465 450 501 ter
482 460 662 500 decuma
694 459 771 500 sub
803 462 923 513 parte
956 458 1035 499 feri
1068 458 1351 499 formantibus
1383 459 1506 500 astris

381 532 577 586 plumeus
609 531 651 571 in
686 530 852 571 caelum
884 529 1029 570 nitidis
1061 530 1152 571 olor
1183 529 1326 570 euolat
1356 530 1446 571 alis.

387 617 469 657 quo
502 605 703 656 surgente
735 601 907 642 trahens
940 601 1078 641 lucem
1111 604 1376 655 matremque
1408 602 1652 656 relinquens

388 674 477 729 ipse
509 687 678 728 quoque
710 672 848 713 aerios
879 672 1059 727 populos
1092 671 1295 726 caeloque
1327 672 1513 713 dicatum

316 760 368 787 370
388 744 566 785 alituum
598 758 733 798 genus
765 744 808 784 in
841 743 1027 784 studium
1062 757 1298 798 censusque
1329 743 1511 784 uocabit.

388 816 503 856 mille
535 816 669 856 fluent
700 819 830 856 artes:
864 818 938 855 aut
969 814 1127 856 bellum
1159 814 1347 855 indicere
1379 815 1536 856 mundo

389 891 430 928 et
461 886 624 928 medios
656 886 766 927 inter
796 886 1015 928 uolucrem
1048 900 1251 941 prensare
1284 890 1462 938 meatus,

389 962 462 999 aut
494 958 604 999 nidis
637 958 841 999 damnare
872 958 959 999 suis
990 971 1166 999 ramoue
1199 957 1431 1009 sedentem,

386 1033 686 1084 pascentemue
719 1044 845 1084 super
877 1028 1096 1084 surgentia
1127 1029 1294 1070 deicere
1326 1029 1424 1069 lina.

317 1116 369 1144 375
389 1105 516 1156 atque
548 1101 652 1142 haec
686 1101 727 1142 in
760 1102 925 1151 luxum3
960 1101 1045 1142 iam
1080 1101 1215 1141 uentri
1248 1099 1417 1155 longius
1448 1100 1533 1141 itur

389 1187 516 1227 quam
550 1172 675 1213 modo
708 1172 903 1227 militiae3
938 1172 1221 1213 Numidarum
1252 1172 1467 1226 pascimur
1499 1173 1583 1213 oris

388 1244 597 1285 Phasidos
629 1248 670 1284 et
701 1244 824 1294 lucis3
859 1244 1088 1285 arcessitur
1118 1243 1217 1284 inde
1251 1243 1490 1295 macellum,

389 1315 501 1356 unde
533 1319 683 1356 aurata
714 1330 825 1356 nouo
860 1319 1066 1356 conuecta
1098 1319 1161 1356 est
1192 1329 1377 1369 aequore
1409 1315 1544 1369 pellis.

390 1386 491 1441 quin
525 1386 652 1427 etiam
684 1387 851 1441 linguas
883 1386 1104 1428 hominum
1138 1400 1372 1440 sensusque
1403 1386 1571 1427 docebit

318 1472 370 1498 380
390 1458 527 1498 aerias
560 1459 753 1499 uolucres
787 1473 983 1513 nouaque
1016 1458 1058 1498 in
1092 1458 1348 1499 commercia
1381 1457 1506 1498 ducet

389 1529 606 1583 uerbaque
637 1529 871 1584 praecipiet
903 1533 1081 1570 naturae
1114 1530 1207 1583 lege
1240 1533 1407 1583 negata.

389 1600 480 1654 ipse
513 1601 638 1641 deum
673 1615 830 1655 cycnus
860 1600 1003 1642 condit
1034 1614 1269 1655 uocemque
1302 1600 1379 1640 sub
1411 1600 1499 1652 illo,

389 1686 472 1712 non
506 1676 617 1713 totus
650 1673 837 1724 uolucer,
870 1686 1099 1727 secumque
1130 1673 1415 1713 inmurmurat
1446 1671 1572 1712 intus.

389 1756 465 1783 nec
499 1748 539 1784 te
571 1747 854 1798 praetereant,
889 1745 1054 1785 clausas
1087 1744 1159 1799 qui
1192 1744 1375 1785 culmine
1409 1757 1574 1784 summo

319 1828 370 1855 385
390 1828 565 1868 pascere
597 1829 700 1856 aues
732 1814 912 1856 Veneris
944 1815 1132 1870 gaudent
1164 1820 1205 1856 et
1237 1815 1414 1856 reddere
1448 1815 1564 1855 caelo

391 1899 440 1925 ac
474 1886 599 1927 certis
630 1901 833 1928 reuocare
866 1888 994 1939 notis3
1029 1891 1216 1928 totamue
1248 1900 1324 1941 per
1355 1886 1504 1927 urbem

392 1957 463 2010 qui
494 1962 664 2011 gestant
696 1959 837 2000 oaueis
870 1959 1064 2000 uolucres
1096 1959 1149 2000 ad
1182 1959 1296 1999 iussa
1327 1962 1511 2013 paratas,

392 2042 572 2082 quorum
606 2030 742 2070 omnis
775 2045 907 2085 paruo
941 2030 1132 2072 consistit
1163 2044 1334 2085 passere
1368 2043 1532 2070 census.

392 2099 467 2140 has
500 2101 580 2141 erit
612 2105 653 2142 et
684 2101 832 2143 similis
865 2102 1055 2143 tribuens
1088 2102 1178 2143 olor
1211 2116 1365 2142 aureus
1398 2104 1521 2142 artes.

321 2218 389 2252 363
408 2218 446 2253 et
463 2219 531 2253 364
551 2218 742 2254 collocant
759 2221 846 2264 post
859 2221 927 2256 374
942 2229 963 2254 o
999 2221 1067 2255 363
1083 2222 1214 2264 yerunt
1232 2229 1256 2263 g
1276 2238 1316 2242 —-
1338 2220 1406 2254 364
1434 2219 1546 2253 limile
1563 2217 1607 2262 gl
1633 2218 1808 2253 claudunt
1826 2226 1850 2260 g
1870 2235 1911 2240 -

181 2283 248 2317 365
288 2284 502 2319 Arcetenens
520 2283 532 2318 l
571 2286 798 2328 arquitenens
815 2295 853 2320 m
893 2304 935 2308 —
976 2286 1043 2320 366
1077 2288 1131 2320 ter
1158 2286 1303 2320 decuma
1320 2283 1333 2319 l
1371 2287 1424 2319 ter
1451 2284 1585 2318 decima
1603 2292 1672 2327 gm
1710 2283 1832 2326 fieri„
1811 2291 1834 2307 ⁰
1870 2300 1911 2304 —

181 2348 472 2419 35711tpiifme⁰³l
503 2350 597 2385 olore
622 2351 779 2386 uolantis
796 2350 870 2395 lgc
902 2353 942 2385 ut
969 2351 1034 2385 ίὶὂι
1057 2351 1170 2385 solere
1195 2350 1293 2385 uolat
1319 2350 1388 2385 alis
1407 2359 1443 2383 m
1478 2368 1518 2372 -—
1553 2349 1622 2384 370
1653 2348 1878 2391 alituumque
1900 2345 1913 2380 1

181 2430 369 2476 altiuuque
386 2441 410 2476 g
436 2433 634 2477 alitumque
651 2443 687 2468 m
706 2433 745 2476 (u
755 2433 783 2478 2)
810 2435 886 2505 ind
875 2443 947 2469 om.
968 2443 1010 2504 (1)
1013 2453 1057 2456 ——
1081 2434 1149 2469 372
1169 2428 1326 2478 pknsare
1343 2432 1355 2467 l
1376 2443 1529 2477 pensare
1548 2441 1582 2465 m
1604 2442 1811 2500 prensareiel
1797 2439 1850 2481 gc
1869 2447 1911 2452 -

735 2487 756 2507 ἦ·
767 2480 793 2504 ni
863 2487 953 2507 154-
966 2488 1068 2504 (l‹'11'(¹
1732 2483 1877 2502 -4-elcere

182 2514 251 2564 373
288 2516 420 2551 nitidos
451 2517 608 2551 clamare
631 2516 719 2552 lmc
753 2518 886 2552 nztzdos
912 2518 1110 2560 clamareg
1147 2517 1286 2551 ratione
1304 2526 1323 2551 c
1362 2535 1404 2538 -
1444 2516 1512 2550 374
1545 2513 1719 2549 dicer-ele
1757 2514 1913 2555 dicereg

184 2568 272 2623 lulna
289 2587 302 2621 l
328 2599 418 2622 uzna
434 2597 487 2632 gc
515 2589 639 2623 ducere
658 2588 734 2623 lina
752 2598 787 2622 m
809 2608 850 2611 —
870 2590 938 2624 375
958 2589 1021 2623 ibit
1040 2598 1060 2623 c
1080 2607 1122 2611 ——
1142 2589 1209 2623 376
1232 2589 1311 2633 Qua
1327 2587 1428 2622 modo
1446 2596 1483 2620 m
1508 2586 1604 2620 horis
1622 2584 1696 2629 lgc
1722 2585 1794 2619 oris
1812 2593 1849 2618 m
1869 2602 1911 2606 —

183 2655 249 2689 377
269 2654 421 2688 Fasidos
434 2653 525 2697 lgm
546 2654 645 2688 ducis
660 2652 717 2688 lm
728 2663 747 2688 c
767 2654 881 2689 dulcis
896 2664 920 2698 g
934 2676 972 2679 —
993 2655 1061 2689 378
1079 2652 1226 2697 effectal
1245 2654 1367 2697 effecta
1380 2662 1416 2686 n]
1441 2652 1600 2695 confecta
1614 2660 1634 2685 c
1651 2652 1851 2692 conuecta
1831 2659 1854 2675 ⁰
1869 2668 1910 2672 —

183 2720 251 2753 380
276 2718 485 2763 nouasque]
510 2730 690 2762 nouasque
707 2728 745 2753 m
771 2718 969 2754 comertial
995 2719 1201 2754 commertia
1219 2728 1243 2762 g
1270 2719 1410 2761 duecte,
1390 2727 1413 2742 (Υ
1444 2717 1540 2751 ducit
1558 2726 1585 2748 ω
1613 2733 1656 2738 -
1683 2716 1749 2750 381
1776 2717 1913 2749 natura

184 2785 274 2829 eleqe
303 2787 427 2819 necata
444 2794 480 2818 m
522 2803 563 2807 —
602 2785 670 2819 382
696 2785 819 2829 ciynus
836 2783 881 2827 lg
919 2795 1049 2829 cycnus
1068 2793 1103 2818 m
1142 2784 1224 2818 colit
1243 2793 1262 2818 e
1301 2802 1342 2806 —
1382 2783 1450 2817 383
1488 2782 1736 2816 inmurmurat
1760 2789 1829 2823 gm
1868 2796 1911 2801 --

184 2850 252 2884 385
278 2850 420 2884 ueneris
440 2850 601 2894 gaudent
619 2858 655 2884 m
677 2850 836 2893 „caudent
862 2850 1003 2884 ueneris
1020 2859 1047 2881 ω
1073 2860 1188 2884 caecos
1205 2858 1226 2883 ο
1252 2867 1294 2871 -
1320 2848 1387 2883 386
1413 2832 1494 2882 ΑἵΙ
1520 2849 1582 2881 aut
1600 2856 1627 2878 ω
1655 2848 1810 2880 totumue
1827 2854 1848 2879 0
1867 2866 1912 2869 —

185 2915 251 2949 387
280 2910 427 2959 yestb'tl
459 2915 599 2949 acauez's
617 2924 654 2949 m
688 2933 729 2937 —-
763 2915 831 2949 388
857 2915 1014 2949 constitit
1032 2924 1067 2949 m
1095 2925 1242 2959 pascere
1259 2923 1297 2948 m
1331 2931 1371 2935 —-
1407 2913 1474 2947 389
1504 2912 1634 2947 laeserit
1652 2920 1676 2954 g
1706 2910 1770 2946 hae
1794 2907 1912 2945 seritl

185 2980 266 3014 Ηαε
291 2980 359 3014 erit
377 2989 415 3014 m
432 2979 490 3023 (L)
515 2980 609 3015 color
626 2978 672 3023 lg
696 2979 751 3014 olo
777 2982 922 3014 taureus
941 2989 989 3014 m.
