<?xml version="1.0" encoding="UTF-8"?>
<!DOCTYPE html PUBLIC "-//W3C//DTD XHTML 1.0 Transitional//EN"
    "http://www.w3.org/TR/xhtml1/DTD/xhtml1-transitional.dtd">
<html xmlns="http://www.w3.org/1999/xhtml" xml:lang="en" lang="en">
 <head>
  <title>
</title>
<meta http-equiv="Content-Type" content="text/html;charset=utf-8" />
  <meta name='ocr-system' content='tesseract 3.04.00' />
  <meta name='ocr-capabilities' content='ocr_page ocr_carea ocr_par ocr_line ocrx_word'/>
</head>
<body>
  <div class='ocr_page' id='page_1' title='image "astronomicahrsgv00maniuoft_0066.png"; bbox 0 0 2106 3334; ppageno 0'>
   <div class='ocr_carea' id='block_1_1' title="bbox 257 139 1336 182">
    <p class='ocr_par' dir='ltr' id='par_1_1' title="bbox 257 139 1336 182">
     <span class='ocr_line' id='line_1_1' title="bbox 257 139 1336 182; baseline -0.001 -6"><span class='ocrx_word' id='word_1_1' title='bbox 257 142 311 182; x_wconf 82' lang='lat'>44</span> <span class='ocrx_word' id='word_1_2' title='bbox 909 139 1018 175; x_wconf 81' lang='lat' dir='ltr'>Liber</span> <span class='ocrx_word' id='word_1_3' title='bbox 1045 140 1086 174; x_wconf 91' lang='grc' dir='ltr'>ΙΙ.</span> <span class='ocrx_word' id='word_1_4' title='bbox 1139 140 1205 174; x_wconf 72' lang='grc'>342</span> <span class='ocrx_word' id='word_1_5' title='bbox 1221 141 1336 175; x_wconf 75' lang='grc'><strong>-370,</strong></span> 
     </span>
    </p>
   </div>
   <div class='ocr_carea' id='block_1_2' title="bbox 387 282 1810 2177">
    <p class='ocr_par' dir='ltr' id='par_1_2' title="bbox 387 282 1810 2177">
     <span class='ocr_line' id='line_1_2' title="bbox 396 282 1550 338; baseline -0.002 -13"><span class='ocrx_word' id='word_1_6' title='bbox 396 298 447 325; x_wconf 78' lang='lat'>342</span> <span class='ocrx_word' id='word_1_7' title='bbox 468 283 666 338; x_wconf 75' lang='lat' dir='ltr'>quocirca</span> <span class='ocrx_word' id='word_1_8' title='bbox 701 297 781 322; x_wconf 82' lang='lat' dir='ltr'>uon</span> <span class='ocrx_word' id='word_1_9' title='bbox 816 282 951 322; x_wconf 85' lang='lat' dir='ltr'>omnis</span> <span class='ocrx_word' id='word_1_10' title='bbox 986 282 1112 322; x_wconf 79' lang='lat' dir='ltr'>habet</span> <span class='ocrx_word' id='word_1_11' title='bbox 1145 283 1339 337; x_wconf 78' lang='lat' dir='ltr'>genitura</span> <span class='ocrx_word' id='word_1_12' title='bbox 1374 283 1550 337; x_wconf 82' lang='lat' dir='ltr'>trigonis</span> 
     </span>
     <span class='ocr_line' id='line_1_3' title="bbox 395 353 1660 409; baseline 0.002 -17"><span class='ocrx_word' id='word_1_13' title='bbox 395 370 446 397; x_wconf 63' lang='lat'>:³45</span> <span class='ocrx_word' id='word_1_14' title='bbox 467 368 720 396; x_wconf 87' lang='lat' dir='ltr'>consensum</span> <span class='ocrx_word' id='word_1_15' title='bbox 754 353 899 407; x_wconf 83' lang='lat' dir='ltr'>signis,</span> <span class='ocrx_word' id='word_1_16' title='bbox 933 367 1010 393; x_wconf 89' lang='lat' dir='ltr'>nec</span> <span class='ocrx_word' id='word_1_17' title='bbox 1044 368 1138 393; x_wconf 88' lang='lat' dir='ltr'>cum</span> <span class='ocrx_word' id='word_1_18' title='bbox 1173 357 1271 394; x_wconf 88' lang='lat' dir='ltr'>sunt</span> <span class='ocrx_word' id='word_1_19' title='bbox 1301 353 1408 394; x_wconf 87' lang='lat' dir='ltr'>forte</span> <span class='ocrx_word' id='word_1_20' title='bbox 1441 355 1660 409; x_wconf 65' lang='lat' dir='ltr'>quadrata„</span> 
     </span>
     <span class='ocr_line' id='line_1_4' title="bbox 467 424 1563 466; baseline -0.001 0"><span class='ocrx_word' id='word_1_21' title='bbox 467 426 666 466; x_wconf 78' lang='lat' dir='ltr'>continua</span> <span class='ocrx_word' id='word_1_22' title='bbox 698 424 808 464; x_wconf 88' lang='lat' dir='ltr'>inter</span> <span class='ocrx_word' id='word_1_23' title='bbox 840 438 884 464; x_wconf 90' lang='lat' dir='ltr'>se</span> <span class='ocrx_word' id='word_1_24' title='bbox 917 428 1089 464; x_wconf 83' lang='lat' dir='ltr'>seruant</span> <span class='ocrx_word' id='word_1_25' title='bbox 1122 424 1378 466; x_wconf 77' lang='lat' dir='ltr'>commercia</span> <span class='ocrx_word' id='word_1_26' title='bbox 1410 439 1563 466; x_wconf 85' lang='lat' dir='ltr'>rerum.</span> 
     </span>
     <span class='ocr_line' id='line_1_5' title="bbox 465 495 1504 549; baseline 0 -12"><span class='ocrx_word' id='word_1_27' title='bbox 465 497 592 537; x_wconf 85' lang='lat' dir='ltr'>distat</span> <span class='ocrx_word' id='word_1_28' title='bbox 623 496 751 547; x_wconf 79' lang='lat' dir='ltr'>enim,</span> <span class='ocrx_word' id='word_1_29' title='bbox 785 499 925 549; x_wconf 82' lang='lat' dir='ltr'>partes</span> <span class='ocrx_word' id='word_1_30' title='bbox 958 499 1180 536; x_wconf 81' lang='lat' dir='ltr'>consumat</span> <span class='ocrx_word' id='word_1_31' title='bbox 1210 495 1324 537; x_wconf 82' lang='lat' dir='ltr'>linea</span> <span class='ocrx_word' id='word_1_32' title='bbox 1358 497 1504 549; x_wconf 79' lang='lat' dir='ltr'>iustas,</span> 
     </span>
     <span class='ocr_line' id='line_1_6' title="bbox 465 566 1700 620; baseline 0.001 -14"><span class='ocrx_word' id='word_1_33' title='bbox 465 567 726 607; x_wconf 84' lang='lat' dir='ltr'>detractetne</span> <span class='ocrx_word' id='word_1_34' title='bbox 759 566 932 607; x_wconf 88' lang='lat' dir='ltr'>modum</span> <span class='ocrx_word' id='word_1_35' title='bbox 967 566 1145 619; x_wconf 84' lang='lat' dir='ltr'>numeri,</span> <span class='ocrx_word' id='word_1_36' title='bbox 1179 581 1305 620; x_wconf 89' lang='lat' dir='ltr'>quem</span> <span class='ocrx_word' id='word_1_37' title='bbox 1339 567 1522 609; x_wconf 86' lang='lat' dir='ltr'>circulus</span> <span class='ocrx_word' id='word_1_38' title='bbox 1555 568 1700 617; x_wconf 61' lang='lat' dir='ltr'>eximit,</span> 
     </span>
     <span class='ocr_line' id='line_1_7' title="bbox 465 637 1681 693; baseline 0.001 -15"><span class='ocrx_word' id='word_1_39' title='bbox 465 652 575 678; x_wconf 86' lang='lat' dir='ltr'>nuuc</span> <span class='ocrx_word' id='word_1_40' title='bbox 608 638 683 678; x_wconf 89' lang='lat' dir='ltr'>tris</span> <span class='ocrx_word' id='word_1_41' title='bbox 716 637 888 688; x_wconf 71' lang='lat' dir='ltr'>efficiat,</span> <span class='ocrx_word' id='word_1_42' title='bbox 921 651 1033 678; x_wconf 90' lang='lat' dir='ltr'>nuuc</span> <span class='ocrx_word' id='word_1_43' title='bbox 1067 641 1267 691; x_wconf 82' lang='lat' dir='ltr'>quattuor</span> <span class='ocrx_word' id='word_1_44' title='bbox 1298 638 1486 693; x_wconf 81' lang='lat' dir='ltr'>undique</span> <span class='ocrx_word' id='word_1_45' title='bbox 1519 639 1681 689; x_wconf 72' lang='lat' dir='ltr'>(luctus,</span> 
     </span>
     <span class='ocr_line' id='line_1_8' title="bbox 392 709 1506 764; baseline 0.003 -17"><span class='ocrx_word' id='word_1_46' title='bbox 392 725 444 751; x_wconf 67' lang='lat'>:350</span> <span class='ocrx_word' id='word_1_47' title='bbox 464 723 569 763; x_wconf 86' lang='lat' dir='ltr'>quos</span> <span class='ocrx_word' id='word_1_48' title='bbox 601 709 644 749; x_wconf 88' lang='lat' dir='ltr'>in</span> <span class='ocrx_word' id='word_1_49' title='bbox 676 709 801 763; x_wconf 83' lang='lat' dir='ltr'>plura</span> <span class='ocrx_word' id='word_1_50' title='bbox 832 709 950 750; x_wconf 88' lang='lat' dir='ltr'>iubet</span> <span class='ocrx_word' id='word_1_51' title='bbox 982 709 1088 750; x_wconf 81' lang='lat' dir='ltr'>ratio</span> <span class='ocrx_word' id='word_1_52' title='bbox 1122 709 1352 763; x_wconf 86' lang='lat' dir='ltr'>procedere</span> <span class='ocrx_word' id='word_1_53' title='bbox 1385 710 1506 764; x_wconf 82' lang='lat' dir='ltr'>signa</span> 
     </span>
     <span class='ocr_line' id='line_1_9' title="bbox 462 780 1768 835; baseline 0.001 -14"><span class='ocrx_word' id='word_1_54' title='bbox 462 780 689 832; x_wconf 86' lang='lat' dir='ltr'>interdum,</span> <span class='ocrx_word' id='word_1_55' title='bbox 723 794 851 834; x_wconf 83' lang='lat' dir='ltr'>quam</span> <span class='ocrx_word' id='word_1_56' title='bbox 884 785 982 821; x_wconf 87' lang='lat' dir='ltr'>sunt</span> <span class='ocrx_word' id='word_1_57' title='bbox 1014 781 1202 821; x_wconf 87' lang='lat' dir='ltr'>numeris</span> <span class='ocrx_word' id='word_1_58' title='bbox 1234 785 1471 821; x_wconf 78' lang='lat' dir='ltr'>memorata</span> <span class='ocrx_word' id='word_1_59' title='bbox 1501 795 1578 835; x_wconf 81' lang='lat' dir='ltr'>per</span> <span class='ocrx_word' id='word_1_60' title='bbox 1610 781 1768 822; x_wconf 86' lang='lat' dir='ltr'>orbem-</span> 
     </span>
     <span class='ocr_line' id='line_1_10' title="bbox 464 851 1501 906; baseline 0 -14"><span class='ocrx_word' id='word_1_61' title='bbox 464 851 536 892; x_wconf 82' lang='lat' dir='ltr'>sed</span> <span class='ocrx_word' id='word_1_62' title='bbox 568 851 694 906; x_wconf 83' lang='lat' dir='ltr'>longe</span> <span class='ocrx_word' id='word_1_63' title='bbox 726 852 862 892; x_wconf 83' lang='lat' dir='ltr'>maior</span> <span class='ocrx_word' id='word_1_64' title='bbox 894 852 957 892; x_wconf 90' lang='lat' dir='ltr'>uis</span> <span class='ocrx_word' id='word_1_65' title='bbox 991 855 1054 892; x_wconf 85' lang='lat' dir='ltr'>est</span> <span class='ocrx_word' id='word_1_66' title='bbox 1085 866 1160 906; x_wconf 89' lang='lat' dir='ltr'>per</span> <span class='ocrx_word' id='word_1_67' title='bbox 1193 852 1315 906; x_wconf 82' lang='lat' dir='ltr'>signa</span> <span class='ocrx_word' id='word_1_68' title='bbox 1346 852 1501 906; x_wconf 82' lang='lat' dir='ltr'>trigoni</span> 
     </span>
     <span class='ocr_line' id='line_1_11' title="bbox 463 923 1810 978; baseline 0 -15"><span class='ocrx_word' id='word_1_69' title='bbox 463 937 590 977; x_wconf 87' lang='lat' dir='ltr'>quam</span> <span class='ocrx_word' id='word_1_70' title='bbox 623 923 776 977; x_wconf 87' lang='lat' dir='ltr'>quibus</span> <span class='ocrx_word' id='word_1_71' title='bbox 809 926 872 963; x_wconf 89' lang='lat' dir='ltr'>est</span> <span class='ocrx_word' id='word_1_72' title='bbox 904 923 1049 964; x_wconf 88' lang='lat' dir='ltr'>titulus</span> <span class='ocrx_word' id='word_1_73' title='bbox 1082 923 1160 964; x_wconf 89' lang='lat' dir='ltr'>sub</span> <span class='ocrx_word' id='word_1_74' title='bbox 1194 927 1344 978; x_wconf 83' lang='lat' dir='ltr'>quarto</span> <span class='ocrx_word' id='word_1_75' title='bbox 1378 938 1546 978; x_wconf 88' lang='lat' dir='ltr'>quoque</span> <span class='ocrx_word' id='word_1_76' title='bbox 1579 923 1810 978; x_wconf 79' lang='lat' dir='ltr'>quadratis.</span> 
     </span>
     <span class='ocr_line' id='line_1_12' title="bbox 462 994 1457 1050; baseline 0.001 -16"><span class='ocrx_word' id='word_1_77' title='bbox 462 994 585 1034; x_wconf 79' lang='lat' dir='ltr'>altior</span> <span class='ocrx_word' id='word_1_78' title='bbox 617 998 680 1035; x_wconf 89' lang='lat' dir='ltr'>est</span> <span class='ocrx_word' id='word_1_79' title='bbox 711 994 861 1035; x_wconf 86' lang='lat' dir='ltr'>horum</span> <span class='ocrx_word' id='word_1_80' title='bbox 897 998 1107 1035; x_wconf 86' lang='lat' dir='ltr'>summoto</span> <span class='ocrx_word' id='word_1_81' title='bbox 1139 995 1253 1035; x_wconf 84' lang='lat' dir='ltr'>linea</span> <span class='ocrx_word' id='word_1_82' title='bbox 1285 995 1457 1050; x_wconf 81' lang='lat' dir='ltr'>tempIO,</span> 
     </span>
     <span class='ocr_line' id='line_1_13' title="bbox 391 1064 1459 1120; baseline 0.002 -15"><span class='ocrx_word' id='word_1_83' title='bbox 391 1080 441 1106; x_wconf 67' lang='lat'>‘335</span> <span class='ocrx_word' id='word_1_84' title='bbox 462 1065 533 1106; x_wconf 86' lang='lat' dir='ltr'>illa</span> <span class='ocrx_word' id='word_1_85' title='bbox 564 1064 701 1120; x_wconf 82' lang='lat' dir='ltr'>magis</span> <span class='ocrx_word' id='word_1_86' title='bbox 733 1064 875 1106; x_wconf 81' lang='lat' dir='ltr'>uicina</span> <span class='ocrx_word' id='word_1_87' title='bbox 908 1069 1020 1106; x_wconf 84' lang='lat' dir='ltr'>meat</span> <span class='ocrx_word' id='word_1_88' title='bbox 1053 1066 1255 1120; x_wconf 82' lang='lat' dir='ltr'>caeloque</span> <span class='ocrx_word' id='word_1_89' title='bbox 1288 1066 1459 1117; x_wconf 76' lang='lat' dir='ltr'>recedit,</span> 
     </span>
     <span class='ocr_line' id='line_1_14' title="bbox 463 1136 1399 1191; baseline 0.002 -15"><span class='ocrx_word' id='word_1_90' title='bbox 463 1140 504 1176; x_wconf 92' lang='lat' dir='ltr'>et</span> <span class='ocrx_word' id='word_1_91' title='bbox 534 1136 707 1191; x_wconf 86' lang='lat' dir='ltr'>propius</span> <span class='ocrx_word' id='word_1_92' title='bbox 739 1140 874 1177; x_wconf 84' lang='lat' dir='ltr'>terras</span> <span class='ocrx_word' id='word_1_93' title='bbox 906 1136 1070 1177; x_wconf 85' lang='lat' dir='ltr'>accedit</span> <span class='ocrx_word' id='word_1_94' title='bbox 1102 1137 1218 1178; x_wconf 85' lang='lat' dir='ltr'>uisus</span> <span class='ocrx_word' id='word_1_95' title='bbox 1252 1152 1399 1178; x_wconf 91' lang='lat' dir='ltr'>eorum</span> 
     </span>
     <span class='ocr_line' id='line_1_15' title="bbox 461 1208 1552 1262; baseline 0 -14"><span class='ocrx_word' id='word_1_96' title='bbox 461 1222 645 1262; x_wconf 80' lang='lat' dir='ltr'>aeraque</span> <span class='ocrx_word' id='word_1_97' title='bbox 677 1208 882 1249; x_wconf 88' lang='lat' dir='ltr'>infectum</span> <span class='ocrx_word' id='word_1_98' title='bbox 916 1212 1080 1249; x_wconf 79' lang='lat' dir='ltr'>nostras</span> <span class='ocrx_word' id='word_1_99' title='bbox 1114 1208 1298 1250; x_wconf 88' lang='lat' dir='ltr'>demittit</span> <span class='ocrx_word' id='word_1_100' title='bbox 1329 1209 1381 1250; x_wconf 83' lang='lat' dir='ltr'>ad</span> <span class='ocrx_word' id='word_1_101' title='bbox 1415 1223 1552 1249; x_wconf 82' lang='lat' dir='ltr'>auras.</span> 
     </span>
     <span class='ocr_line' id='line_1_16' title="bbox 532 1279 1604 1335; baseline 0 -16"><span class='ocrx_word' id='word_1_102' title='bbox 532 1279 689 1320; x_wconf 83' lang='lat' dir='ltr'>debilia</span> <span class='ocrx_word' id='word_1_103' title='bbox 719 1279 892 1320; x_wconf 78' lang='lat' dir='ltr'>alternis</span> <span class='ocrx_word' id='word_1_104' title='bbox 924 1279 1023 1320; x_wconf 83' lang='lat' dir='ltr'>data</span> <span class='ocrx_word' id='word_1_105' title='bbox 1055 1283 1153 1320; x_wconf 88' lang='lat' dir='ltr'>sunt</span> <span class='ocrx_word' id='word_1_106' title='bbox 1185 1280 1441 1321; x_wconf 84' lang='lat' dir='ltr'>commercia</span> <span class='ocrx_word' id='word_1_107' title='bbox 1473 1280 1604 1335; x_wconf 85' lang='lat' dir='ltr'>siguis</span> 
     </span>
     <span class='ocr_line' id='line_1_17' title="bbox 456 1351 1571 1405; baseline 0.002 -15"><span class='ocrx_word' id='word_1_108' title='bbox 456 1354 605 1391; x_wconf 85' lang='lat' dir='ltr'>mutua</span> <span class='ocrx_word' id='word_1_109' title='bbox 635 1364 713 1391; x_wconf 88' lang='lat' dir='ltr'>nec</span> <span class='ocrx_word' id='word_1_110' title='bbox 746 1365 902 1405; x_wconf 83' lang='lat' dir='ltr'>magno</span> <span class='ocrx_word' id='word_1_111' title='bbox 937 1365 1146 1392; x_wconf 88' lang='lat' dir='ltr'>consensu</span> <span class='ocrx_word' id='word_1_112' title='bbox 1179 1351 1352 1392; x_wconf 82' lang='lat' dir='ltr'>foedera</span> <span class='ocrx_word' id='word_1_113' title='bbox 1385 1355 1571 1401; x_wconf 78' lang='lat' dir='ltr'>seruant,</span> 
     </span>
     <span class='ocr_line' id='line_1_18' title="bbox 389 1421 1461 1476; baseline -0.001 -13"><span class='ocrx_word' id='word_1_114' title='bbox 389 1436 441 1463; x_wconf 77' lang='lat'>360</span> <span class='ocrx_word' id='word_1_115' title='bbox 459 1421 595 1462; x_wconf 85' lang='lat' dir='ltr'>inuita</span> <span class='ocrx_word' id='word_1_116' title='bbox 626 1425 806 1476; x_wconf 82' lang='lat' dir='ltr'>angusto</span> <span class='ocrx_word' id='word_1_117' title='bbox 840 1421 952 1476; x_wconf 89' lang='lat' dir='ltr'>quod</span> <span class='ocrx_word' id='word_1_118' title='bbox 985 1421 1098 1462; x_wconf 79' lang='lat' dir='ltr'>linea</span> <span class='ocrx_word' id='word_1_119' title='bbox 1130 1422 1315 1463; x_wconf 87' lang='lat' dir='ltr'>flectitur</span> <span class='ocrx_word' id='word_1_120' title='bbox 1347 1422 1461 1463; x_wconf 90' lang='lat' dir='ltr'>orbe.</span> 
     </span>
     <span class='ocr_line' id='line_1_19' title="bbox 460 1493 1522 1548; baseline 0.002 -16"><span class='ocrx_word' id='word_1_121' title='bbox 460 1506 559 1533; x_wconf 82' lang='lat' dir='ltr'>nam</span> <span class='ocrx_word' id='word_1_122' title='bbox 593 1506 688 1533; x_wconf 88' lang='lat' dir='ltr'>cum</span> <span class='ocrx_word' id='word_1_123' title='bbox 721 1506 796 1547; x_wconf 90' lang='lat' dir='ltr'>per</span> <span class='ocrx_word' id='word_1_124' title='bbox 828 1493 924 1534; x_wconf 87' lang='lat' dir='ltr'>talis</span> <span class='ocrx_word' id='word_1_125' title='bbox 956 1493 1168 1534; x_wconf 84' lang='lat' dir='ltr'>feriuntur</span> <span class='ocrx_word' id='word_1_126' title='bbox 1199 1493 1368 1548; x_wconf 84' lang='lat' dir='ltr'>singula</span> <span class='ocrx_word' id='word_1_127' title='bbox 1399 1493 1522 1534; x_wconf 83' lang='lat' dir='ltr'>limas</span> 
     </span>
     <span class='ocr_line' id='line_1_20' title="bbox 457 1563 1521 1618; baseline 0.001 -14"><span class='ocrx_word' id='word_1_128' title='bbox 457 1563 609 1616; x_wconf 80' lang='lat' dir='ltr'>sidera,</span> <span class='ocrx_word' id='word_1_129' title='bbox 643 1568 684 1604; x_wconf 88' lang='lat' dir='ltr'>et</span> <span class='ocrx_word' id='word_1_130' title='bbox 716 1564 878 1605; x_wconf 79' lang='lat' dir='ltr'>alterno</span> <span class='ocrx_word' id='word_1_131' title='bbox 911 1564 1146 1605; x_wconf 89' lang='lat' dir='ltr'>deuertitur</span> <span class='ocrx_word' id='word_1_132' title='bbox 1178 1564 1361 1618; x_wconf 79' lang='lat' dir='ltr'>angulus</span> <span class='ocrx_word' id='word_1_133' title='bbox 1393 1568 1521 1616; x_wconf 82' lang='lat' dir='ltr'>astro⁷</span> 
     </span>
     <span class='ocr_line' id='line_1_21' title="bbox 461 1635 1679 1691; baseline -0.001 -15"><span class='ocrx_word' id='word_1_134' title='bbox 461 1649 618 1690; x_wconf 82' lang='lat' dir='ltr'>sexque</span> <span class='ocrx_word' id='word_1_135' title='bbox 650 1649 726 1691; x_wconf 89' lang='lat' dir='ltr'>per</span> <span class='ocrx_word' id='word_1_136' title='bbox 758 1635 976 1677; x_wconf 79' lang='lat' dir='ltr'>anfractus</span> <span class='ocrx_word' id='word_1_137' title='bbox 1010 1639 1212 1677; x_wconf 86' lang='lat' dir='ltr'>curuatur</span> <span class='ocrx_word' id='word_1_138' title='bbox 1244 1636 1413 1691; x_wconf 86' lang='lat' dir='ltr'>uirgula</span> <span class='ocrx_word' id='word_1_139' title='bbox 1445 1637 1487 1677; x_wconf 92' lang='lat' dir='ltr'>in</span> <span class='ocrx_word' id='word_1_140' title='bbox 1521 1635 1679 1677; x_wconf 91' lang='lat' dir='ltr'>orbem.</span> 
     </span>
     <span class='ocr_line' id='line_1_22' title="bbox 461 1707 1582 1762; baseline 0.001 -15"><span class='ocrx_word' id='word_1_141' title='bbox 461 1721 485 1747; x_wconf 79' lang='lat' dir='ltr'>a</span> <span class='ocrx_word' id='word_1_142' title='bbox 518 1710 638 1747; x_wconf 89' lang='lat' dir='ltr'>tauro</span> <span class='ocrx_word' id='word_1_143' title='bbox 672 1707 790 1748; x_wconf 88' lang='lat' dir='ltr'>uenit</span> <span class='ocrx_word' id='word_1_144' title='bbox 820 1707 864 1748; x_wconf 88' lang='lat' dir='ltr'>in</span> <span class='ocrx_word' id='word_1_145' title='bbox 898 1721 1114 1759; x_wconf 78' lang='lat' dir='ltr'>cancrum,</span> <span class='ocrx_word' id='word_1_146' title='bbox 1147 1712 1237 1748; x_wconf 89' lang='lat' dir='ltr'>tum</span> <span class='ocrx_word' id='word_1_147' title='bbox 1269 1708 1436 1762; x_wconf 84' lang='lat' dir='ltr'>uirgine</span> <span class='ocrx_word' id='word_1_148' title='bbox 1469 1711 1582 1748; x_wconf 82' lang='lat' dir='ltr'>tacta</span> 
     </span>
     <span class='ocr_line' id='line_1_23' title="bbox 388 1778 1707 1833; baseline -0.001 -13"><span class='ocrx_word' id='word_1_149' title='bbox 388 1793 440 1820; x_wconf 86' lang='lat'>365</span> <span class='ocrx_word' id='word_1_150' title='bbox 460 1778 655 1833; x_wconf 82' lang='lat' dir='ltr'>scorpion</span> <span class='ocrx_word' id='word_1_151' title='bbox 687 1778 944 1832; x_wconf 82' lang='lat' dir='ltr'>ingreditur3</span> <span class='ocrx_word' id='word_1_152' title='bbox 979 1778 1080 1832; x_wconf 87' lang='lat' dir='ltr'>quin</span> <span class='ocrx_word' id='word_1_153' title='bbox 1113 1782 1168 1830; x_wconf 78' lang='lat' dir='ltr'>te,</span> <span class='ocrx_word' id='word_1_154' title='bbox 1201 1779 1462 1833; x_wconf 79' lang='lat' dir='ltr'>capricorne,</span> <span class='ocrx_word' id='word_1_155' title='bbox 1497 1779 1707 1833; x_wconf 85' lang='lat' dir='ltr'>rigentem</span> 
     </span>
     <span class='ocr_line' id='line_1_24' title="bbox 461 1849 1437 1904; baseline 0.001 -15"><span class='ocrx_word' id='word_1_156' title='bbox 461 1853 502 1890; x_wconf 86' lang='lat' dir='ltr'>et</span> <span class='ocrx_word' id='word_1_157' title='bbox 533 1849 725 1904; x_wconf 82' lang='lat' dir='ltr'>geminos</span> <span class='ocrx_word' id='word_1_158' title='bbox 759 1863 784 1890; x_wconf 85' lang='lat' dir='ltr'>a</span> <span class='ocrx_word' id='word_1_159' title='bbox 814 1853 855 1890; x_wconf 88' lang='lat' dir='ltr'>te</span> <span class='ocrx_word' id='word_1_160' title='bbox 887 1850 1024 1904; x_wconf 83' lang='lat' dir='ltr'>pisces</span> <span class='ocrx_word' id='word_1_161' title='bbox 1058 1863 1294 1904; x_wconf 83' lang='lat' dir='ltr'>auersaque</span> <span class='ocrx_word' id='word_1_162' title='bbox 1327 1850 1437 1890; x_wconf 84' lang='lat' dir='ltr'>tauri</span> 
     </span>
     <span class='ocr_line' id='line_1_25' title="bbox 460 1920 1544 1976; baseline 0.001 -15"><span class='ocrx_word' id='word_1_163' title='bbox 460 1920 599 1961; x_wconf 80' lang='lat' dir='ltr'>sidera</span> <span class='ocrx_word' id='word_1_164' title='bbox 632 1921 882 1975; x_wconf 84' lang='lat' dir='ltr'>contingens</span> <span class='ocrx_word' id='word_1_165' title='bbox 914 1920 1006 1961; x_wconf 87' lang='lat' dir='ltr'>finit</span> <span class='ocrx_word' id='word_1_166' title='bbox 1039 1935 1124 1975; x_wconf 82' lang='lat' dir='ltr'>qua</span> <span class='ocrx_word' id='word_1_167' title='bbox 1155 1925 1354 1976; x_wconf 80' lang='lat' dir='ltr'>coeperat</span> <span class='ocrx_word' id='word_1_168' title='bbox 1385 1921 1544 1962; x_wconf 86' lang='lat' dir='ltr'>orbem.</span> 
     </span>
     <span class='ocr_line' id='line_1_26' title="bbox 460 1991 1547 2047; baseline 0.001 -15"><span class='ocrx_word' id='word_1_169' title='bbox 460 1991 633 2032; x_wconf 81' lang='lat' dir='ltr'>alterius</span> <span class='ocrx_word' id='word_1_170' title='bbox 666 1992 818 2033; x_wconf 88' lang='lat' dir='ltr'>ductus</span> <span class='ocrx_word' id='word_1_171' title='bbox 849 1992 967 2034; x_wconf 86' lang='lat' dir='ltr'>locus</span> <span class='ocrx_word' id='word_1_172' title='bbox 1000 1998 1063 2033; x_wconf 86' lang='lat' dir='ltr'>est</span> <span class='ocrx_word' id='word_1_173' title='bbox 1093 2006 1169 2047; x_wconf 90' lang='lat' dir='ltr'>per</span> <span class='ocrx_word' id='word_1_174' title='bbox 1201 1993 1380 2033; x_wconf 86' lang='lat' dir='ltr'>transita</span> <span class='ocrx_word' id='word_1_175' title='bbox 1411 1993 1547 2047; x_wconf 82' lang='lat' dir='ltr'>sigua,</span> 
     </span>
     <span class='ocr_line' id='line_1_27' title="bbox 459 2064 1729 2119; baseline 0.002 -17"><span class='ocrx_word' id='word_1_176' title='bbox 459 2066 589 2117; x_wconf 90' lang='lat' dir='ltr'>utque</span> <span class='ocrx_word' id='word_1_177' title='bbox 622 2077 672 2104; x_wconf 86' lang='lat' dir='ltr'>ea</span> <span class='ocrx_word' id='word_1_178' title='bbox 703 2067 961 2118; x_wconf 69' lang='lat' dir='ltr'>praetereas,</span> <span class='ocrx_word' id='word_1_179' title='bbox 994 2078 1103 2119; x_wconf 83' lang='lat' dir='ltr'>quae</span> <span class='ocrx_word' id='word_1_180' title='bbox 1136 2068 1233 2105; x_wconf 87' lang='lat' dir='ltr'>sunt</span> <span class='ocrx_word' id='word_1_181' title='bbox 1265 2064 1369 2104; x_wconf 89' lang='lat' dir='ltr'>mihi</span> <span class='ocrx_word' id='word_1_182' title='bbox 1401 2064 1571 2118; x_wconf 82' lang='lat' dir='ltr'>singula</span> <span class='ocrx_word' id='word_1_183' title='bbox 1603 2064 1729 2115; x_wconf 79' lang='lat' dir='ltr'>dicta,</span> 
     </span>
     <span class='ocr_line' id='line_1_28' title="bbox 387 2133 1499 2177; baseline 0.004 -7"><span class='ocrx_word' id='word_1_184' title='bbox 387 2147 439 2175; x_wconf 80' lang='lat'>:370</span> <span class='ocrx_word' id='word_1_185' title='bbox 458 2133 636 2175; x_wconf 82' lang='lat' dir='ltr'>flexibus</span> <span class='ocrx_word' id='word_1_186' title='bbox 669 2139 710 2175; x_wconf 87' lang='lat' dir='ltr'>et</span> <span class='ocrx_word' id='word_1_187' title='bbox 740 2135 918 2176; x_wconf 88' lang='lat' dir='ltr'>totidem</span> <span class='ocrx_word' id='word_1_188' title='bbox 950 2136 1099 2177; x_wconf 87' lang='lat' dir='ltr'>similis</span> <span class='ocrx_word' id='word_1_189' title='bbox 1130 2136 1178 2176; x_wconf 87' lang='lat' dir='ltr'>fit</span> <span class='ocrx_word' id='word_1_190' title='bbox 1209 2135 1395 2177; x_wconf 88' lang='lat' dir='ltr'>circulus</span> <span class='ocrx_word' id='word_1_191' title='bbox 1427 2135 1499 2175; x_wconf 85' lang='lat' dir='ltr'>illi.</span> 
     </span>
    </p>
   </div>
   <div class='ocr_carea' id='block_1_3' title="bbox 243 2270 2041 2710">
    <p class='ocr_par' dir='ltr' id='par_1_3' title="bbox 243 2270 2041 2710">
     <span class='ocr_line' id='line_1_29' title="bbox 388 2270 1981 2321; baseline 0.001 -13"><span class='ocrx_word' id='word_1_192' title='bbox 388 2274 456 2308; x_wconf 78' lang='lat'>342</span> <span class='ocrx_word' id='word_1_193' title='bbox 484 2270 632 2319; x_wconf 61' lang='lat' dir='ltr'>triyon‘is</span> <span class='ocrx_word' id='word_1_194' title='bbox 656 2274 669 2309; x_wconf 88' lang='lat' dir='ltr'>l</span> <span class='ocrx_word' id='word_1_195' title='bbox 697 2275 844 2320; x_wconf 74' lang='lat' dir='ltr'>triqonis</span> <span class='ocrx_word' id='word_1_196' title='bbox 867 2285 902 2311; x_wconf 86' lang='lat' dir='ltr'><strong>m</strong></span> <span class='ocrx_word' id='word_1_197' title='bbox 933 2276 1085 2321; x_wconf 65' lang='lat' dir='ltr'>triqonos</span> <span class='ocrx_word' id='word_1_198' title='bbox 1109 2286 1161 2320; x_wconf 80' lang='lat' dir='ltr'>gc</span> <span class='ocrx_word' id='word_1_199' title='bbox 1195 2296 1236 2299; x_wconf 97' lang='lat'><strong>—</strong></span> <span class='ocrx_word' id='word_1_200' title='bbox 1271 2277 1339 2311; x_wconf 86' lang='lat'>343</span> <span class='ocrx_word' id='word_1_201' title='bbox 1364 2278 1543 2311; x_wconf 76' lang='lat' dir='ltr'>consumet</span> <span class='ocrx_word' id='word_1_202' title='bbox 1561 2286 1586 2319; x_wconf 81' lang='lat' dir='ltr'>g</span> <span class='ocrx_word' id='word_1_203' title='bbox 1616 2294 1663 2299; x_wconf 82' lang='lat'>—</span> <span class='ocrx_word' id='word_1_204' title='bbox 1694 2277 1763 2311; x_wconf 85' lang='lat'>344</span> <span class='ocrx_word' id='word_1_205' title='bbox 1782 2275 1904 2320; x_wconf 78' lang='lat' dir='ltr'>partis</span> <span class='ocrx_word' id='word_1_206' title='bbox 1922 2274 1981 2310; x_wconf 90' lang='lat' dir='ltr'>lm</span> 
     </span>
     <span class='ocr_line' id='line_1_30' title="bbox 247 2340 2041 2385; baseline 0.001 -12"><span class='ocrx_word' id='word_1_207' title='bbox 247 2348 382 2373; x_wconf 85' lang='lat' dir='ltr'>uersus</span> <span class='ocrx_word' id='word_1_208' title='bbox 408 2340 477 2373; x_wconf 90' lang='lat'>318</span> <span class='ocrx_word' id='word_1_209' title='bbox 503 2340 570 2374; x_wconf 87' lang='lat'>319</span> <span class='ocrx_word' id='word_1_210' title='bbox 604 2340 788 2385; x_wconf 85' lang='lat' dir='ltr'>repetitos</span> <span class='ocrx_word' id='word_1_211' title='bbox 820 2340 860 2375; x_wconf 82' lang='lat' dir='ltr'>in</span> <span class='ocrx_word' id='word_1_212' title='bbox 894 2341 998 2376; x_wconf 86' lang='lat' dir='ltr'>calce</span> <span class='ocrx_word' id='word_1_213' title='bbox 1026 2341 1190 2377; x_wconf 84' lang='lat' dir='ltr'>subieci:</span> <span class='ocrx_word' id='word_1_214' title='bbox 1222 2342 1291 2377; x_wconf 84' lang='lat'>343</span> <span class='ocrx_word' id='word_1_215' title='bbox 1316 2343 1492 2376; x_wconf 78' lang='lat' dir='ltr'>consumet</span> <span class='ocrx_word' id='word_1_216' title='bbox 1515 2341 1649 2376; x_wconf 78' lang='lat' dir='ltr'>ductus.</span> <span class='ocrx_word' id='word_1_217' title='bbox 1681 2340 1760 2375; x_wconf 77' lang='lat' dir='ltr'>licet</span> <span class='ocrx_word' id='word_1_218' title='bbox 1779 2351 1856 2385; x_wconf 74' lang='lat' dir='ltr'>erqo</span> <span class='ocrx_word' id='word_1_219' title='bbox 1883 2340 1982 2385; x_wconf 70' lang='lat' dir='ltr'>siyna</span> <span class='ocrx_word' id='word_1_220' title='bbox 2038 2346 2041 2351; x_wconf 68' lang='grc'>’</span> 
     </span>
     <span class='ocr_line' id='line_1_31' title="bbox 248 2399 1982 2451; baseline 0.002 -13"><span class='ocrx_word' id='word_1_221' title='bbox 248 2403 386 2449; x_wconf 75' lang='lat' dir='ltr'>triyona</span> <span class='ocrx_word' id='word_1_222' title='bbox 397 2401 412 2448; x_wconf 86' lang='grc' dir='ltr'>ΙΙ</span> <span class='ocrx_word' id='word_1_223' title='bbox 427 2405 496 2439; x_wconf 88' lang='grc'><strong>344</strong></span> <span class='ocrx_word' id='word_1_224' title='bbox 511 2404 687 2446; x_wconf 72' lang='lat' dir='ltr'>dicantur,</span> <span class='ocrx_word' id='word_1_225' title='bbox 701 2408 824 2450; x_wconf 76' lang='lat' dir='ltr'>partes</span> <span class='ocrx_word' id='word_1_226' title='bbox 840 2418 911 2441; x_wconf 88' lang='lat' dir='ltr'>non</span> <span class='ocrx_word' id='word_1_227' title='bbox 927 2409 1069 2441; x_wconf 77' lang='lat' dir='ltr'>seruent</span> <span class='ocrx_word' id='word_1_228' title='bbox 1083 2407 1142 2441; x_wconf 74' lang='lat' dir='ltr'>illa</span> <span class='ocrx_word' id='word_1_229' title='bbox 1162 2407 1315 2451; x_wconf 63' lang='lat' dir='ltr'>trigonas</span> <span class='ocrx_word' id='word_1_230' title='bbox 1333 2426 1375 2429; x_wconf 97' lang='lat'><strong>—</strong></span> <span class='ocrx_word' id='word_1_231' title='bbox 1395 2407 1463 2441; x_wconf 88' lang='grc'>345</span> <span class='ocrx_word' id='word_1_232' title='bbox 1481 2399 1607 2441; x_wconf 66' lang='grc' dir='ltr'><strong>πεὲατη</strong></span> <span class='ocrx_word' id='word_1_233' title='bbox 1625 2405 1638 2440; x_wconf 93' lang='lat' dir='ltr'>l</span> <span class='ocrx_word' id='word_1_234' title='bbox 1657 2417 1779 2440; x_wconf 78' lang='lat' dir='ltr'>uecum</span> <span class='ocrx_word' id='word_1_235' title='bbox 1798 2416 1835 2440; x_wconf 90' lang='lat' dir='ltr'><strong>m</strong></span> <span class='ocrx_word' id='word_1_236' title='bbox 1854 2410 1944 2441; x_wconf 77' lang='lat' dir='ltr'>sorte</span> <span class='ocrx_word' id='word_1_237' title='bbox 1962 2415 1982 2441; x_wconf 85' lang='lat' dir='ltr'>c</span> 
     </span>
     <span class='ocr_line' id='line_1_32' title="bbox 243 2469 1979 2516; baseline 0.002 -13"><span class='ocrx_word' id='word_1_238' title='bbox 243 2469 336 2512; x_wconf 80' lang='lat' dir='ltr'>forte</span> <span class='ocrx_word' id='word_1_239' title='bbox 359 2479 386 2501; x_wconf 86' lang='grc' dir='ltr'>ω</span> <span class='ocrx_word' id='word_1_240' title='bbox 418 2488 463 2493; x_wconf 86' lang='lat'>—</span> <span class='ocrx_word' id='word_1_241' title='bbox 495 2470 562 2504; x_wconf 87' lang='grc'><strong>346</strong></span> <span class='ocrx_word' id='word_1_242' title='bbox 589 2472 757 2505; x_wconf 79' lang='lat' dir='ltr'>continua</span> <span class='ocrx_word' id='word_1_243' title='bbox 781 2481 802 2506; x_wconf 91' lang='lat' dir='ltr'>o</span> <span class='ocrx_word' id='word_1_244' title='bbox 834 2491 879 2494; x_wconf 40' lang='lat'>*—</span> <span class='ocrx_word' id='word_1_245' title='bbox 911 2473 978 2506; x_wconf 78' lang='lat'>347</span> <span class='ocrx_word' id='word_1_246' title='bbox 1006 2472 1102 2506; x_wconf 80' lang='lat' dir='ltr'>enim</span> <span class='ocrx_word' id='word_1_247' title='bbox 1127 2483 1173 2506; x_wconf 84' lang='lat' dir='ltr'>an</span> <span class='ocrx_word' id='word_1_248' title='bbox 1198 2481 1219 2506; x_wconf 91' lang='lat' dir='ltr'>o</span> <span class='ocrx_word' id='word_1_249' title='bbox 1241 2471 1361 2516; x_wconf 74' lang='lat' dir='ltr'>partis</span> <span class='ocrx_word' id='word_1_250' title='bbox 1384 2481 1405 2506; x_wconf 89' lang='lat' dir='ltr'>o</span> <span class='ocrx_word' id='word_1_251' title='bbox 1443 2490 1485 2494; x_wconf 92' lang='lat'><strong>—</strong></span> <span class='ocrx_word' id='word_1_252' title='bbox 1518 2472 1586 2506; x_wconf 82' lang='lat'>348</span> <span class='ocrx_word' id='word_1_253' title='bbox 1623 2471 1857 2516; x_wconf 77' lang='lat' dir='ltr'>detractetqne</span> <span class='ocrx_word' id='word_1_254' title='bbox 1882 2480 1904 2505; x_wconf 86' lang='grc' dir='ltr'>ο</span> <span class='ocrx_word' id='word_1_255' title='bbox 1936 2490 1979 2494; x_wconf 94' lang='grc'><strong>-</strong></span> 
     </span>
     <span class='ocr_line' id='line_1_33' title="bbox 246 2534 1979 2580; baseline 0.001 -11"><span class='ocrx_word' id='word_1_256' title='bbox 246 2535 314 2569; x_wconf 83' lang='grc'>349</span> <span class='ocrx_word' id='word_1_257' title='bbox 346 2534 413 2569; x_wconf 75' lang='lat' dir='ltr'>tris</span> <span class='ocrx_word' id='word_1_258' title='bbox 436 2544 472 2569; x_wconf 89' lang='lat' dir='ltr'>m</span> <span class='ocrx_word' id='word_1_259' title='bbox 508 2537 577 2569; x_wconf 78' lang='lat' dir='ltr'>tres</span> <span class='ocrx_word' id='word_1_260' title='bbox 600 2545 627 2567; x_wconf 90' lang='grc' dir='ltr'>ω</span> <span class='ocrx_word' id='word_1_261' title='bbox 658 2535 785 2579; x_wconf 75' lang='lat' dir='ltr'>efficiet</span> <span class='ocrx_word' id='word_1_262' title='bbox 808 2546 828 2571; x_wconf 92' lang='lat'>0</span> <span class='ocrx_word' id='word_1_263' title='bbox 862 2559 906 2562; x_wconf 78' lang='lat'>——</span> <span class='ocrx_word' id='word_1_264' title='bbox 939 2538 1008 2571; x_wconf 86' lang='lat'>350</span> <span class='ocrx_word' id='word_1_265' title='bbox 1032 2537 1130 2572; x_wconf 72' lang='lat' dir='ltr'>iuuet</span> <span class='ocrx_word' id='word_1_266' title='bbox 1154 2546 1175 2571; x_wconf 94' lang='lat'>0</span> <span class='ocrx_word' id='word_1_267' title='bbox 1210 2557 1250 2560; x_wconf 88' lang='lat'><strong>—</strong></span> <span class='ocrx_word' id='word_1_268' title='bbox 1277 2537 1344 2571; x_wconf 76' lang='lat'>352</span> <span class='ocrx_word' id='word_1_269' title='bbox 1371 2536 1485 2571; x_wconf 81' lang='lat' dir='ltr'>maior</span> <span class='ocrx_word' id='word_1_270' title='bbox 1508 2537 1564 2570; x_wconf 69' lang='lat' dir='ltr'>uis</span> <span class='ocrx_word' id='word_1_271' title='bbox 1585 2536 1680 2580; x_wconf 84' lang='lat' dir='ltr'>lgm</span> <span class='ocrx_word' id='word_1_272' title='bbox 1710 2534 1793 2580; x_wconf 55' lang='lat' dir='ltr'>may*</span> <span class='ocrx_word' id='word_1_273' title='bbox 1811 2536 1867 2571; x_wconf 79' lang='lat' dir='ltr'>ius</span> <span class='ocrx_word' id='word_1_274' title='bbox 1890 2546 1909 2571; x_wconf 89' lang='lat' dir='ltr'>c</span> <span class='ocrx_word' id='word_1_275' title='bbox 1937 2556 1979 2559; x_wconf 86' lang='lat'>——</span> 
     </span>
     <span class='ocr_line' id='line_1_34' title="bbox 246 2598 1981 2646; baseline 0.002 -13"><span class='ocrx_word' id='word_1_276' title='bbox 246 2598 314 2634; x_wconf 89' lang='lat'>353</span> <span class='ocrx_word' id='word_1_277' title='bbox 340 2598 533 2643; x_wconf 75' lang='lat' dir='ltr'>quadratus</span> <span class='ocrx_word' id='word_1_278' title='bbox 551 2609 570 2634; x_wconf 88' lang='lat' dir='ltr'>c</span> <span class='ocrx_word' id='word_1_279' title='bbox 594 2619 640 2622; x_wconf 32' lang='lat' dir='ltr'>—ss</span> <span class='ocrx_word' id='word_1_280' title='bbox 664 2600 732 2635; x_wconf 88' lang='grc'>354</span> <span class='ocrx_word' id='word_1_281' title='bbox 757 2601 911 2636; x_wconf 74' lang='lat' dir='ltr'>submoto</span> <span class='ocrx_word' id='word_1_282' title='bbox 928 2600 1016 2636; x_wconf 87' lang='lat' dir='ltr'>lmc</span> <span class='ocrx_word' id='word_1_283' title='bbox 1040 2606 1210 2636; x_wconf 77' lang='lat' dir='ltr'>summoto</span> <span class='ocrx_word' id='word_1_284' title='bbox 1229 2612 1252 2645; x_wconf 81' lang='lat' dir='ltr'>g</span> <span class='ocrx_word' id='word_1_285' title='bbox 1276 2624 1320 2628; x_wconf 43' lang='grc' dir='ltr'><strong><em>ψ</em></strong></span> <span class='ocrx_word' id='word_1_286' title='bbox 1343 2602 1411 2637; x_wconf 85' lang='grc'>355</span> <span class='ocrx_word' id='word_1_287' title='bbox 1437 2600 1551 2636; x_wconf 72' lang='lat' dir='ltr'>eredit</span> <span class='ocrx_word' id='word_1_288' title='bbox 1566 2610 1602 2635; x_wconf 87' lang='lat' dir='ltr'>m</span> <span class='ocrx_word' id='word_1_289' title='bbox 1625 2620 1667 2624; x_wconf 87' lang='lat'>—-</span> <span class='ocrx_word' id='word_1_290' title='bbox 1689 2601 1756 2636; x_wconf 83' lang='lat'>356</span> <span class='ocrx_word' id='word_1_291' title='bbox 1777 2601 1981 2646; x_wconf 78' lang='lat' dir='ltr'>propriusl</span> 
     </span>
     <span class='ocr_line' id='line_1_35' title="bbox 245 2663 1981 2710; baseline 0.002 -12"><span class='ocrx_word' id='word_1_292' title='bbox 245 2664 414 2699; x_wconf 77' lang='lat' dir='ltr'>intrasm</span> <span class='ocrx_word' id='word_1_293' title='bbox 440 2663 499 2707; x_wconf 82' lang='lat' dir='ltr'>(E)</span> <span class='ocrx_word' id='word_1_294' title='bbox 525 2667 646 2699; x_wconf 79' lang='lat' dir='ltr'>ratras</span> <span class='ocrx_word' id='word_1_295' title='bbox 663 2675 701 2700; x_wconf 88' lang='lat' dir='ltr'>m</span> <span class='ocrx_word' id='word_1_296' title='bbox 726 2665 784 2708; x_wconf 87' lang='lat' dir='ltr'>(L)</span> <span class='ocrx_word' id='word_1_297' title='bbox 813 2685 854 2689; x_wconf 89' lang='lat'>——</span> <span class='ocrx_word' id='word_1_298' title='bbox 882 2667 949 2701; x_wconf 84' lang='lat'>357</span> <span class='ocrx_word' id='word_1_299' title='bbox 976 2666 1015 2701; x_wconf 80' lang='lat' dir='ltr'>in</span> <span class='ocrx_word' id='word_1_300' title='bbox 1040 2667 1200 2710; x_wconf 76' lang='lat' dir='ltr'>effectum</span> <span class='ocrx_word' id='word_1_301' title='bbox 1220 2666 1279 2701; x_wconf 84' lang='lat' dir='ltr'>lm</span> <span class='ocrx_word' id='word_1_302' title='bbox 1306 2666 1496 2701; x_wconf 71' lang='lat' dir='ltr'>dimittito</span> <span class='ocrx_word' id='word_1_303' title='bbox 1524 2685 1565 2688; x_wconf 97' lang='grc'>-</span> <span class='ocrx_word' id='word_1_304' title='bbox 1594 2667 1682 2701; x_wconf 81' lang='lat' dir='ltr'>ante</span> <span class='ocrx_word' id='word_1_305' title='bbox 1709 2667 1777 2701; x_wconf 84' lang='lat'>358</span> <span class='ocrx_word' id='word_1_306' title='bbox 1803 2666 1844 2701; x_wconf 83' lang='lat' dir='ltr'>de</span> <span class='ocrx_word' id='word_1_307' title='bbox 1866 2666 1981 2710; x_wconf 71' lang='lat' dir='ltr'>siqnis</span> 
     </span>
    </p>
   </div>
   <div class='ocr_carea' id='block_1_4' title="bbox 1439 2712 1554 2736">
    <p class='ocr_par' dir='ltr' id='par_1_4' title="bbox 1439 2712 1554 2736">
     <span class='ocr_line' id='line_1_36' title="bbox 1439 2712 1554 2736; baseline 0.017 -3"><span class='ocrx_word' id='word_1_308' title='bbox 1439 2712 1554 2736; x_wconf 74' lang='lat' dir='ltr'>÷deuia</span> 
     </span>
    </p>
   </div>
   <div class='ocr_carea' id='block_1_5' title="bbox 246 2735 1977 2975">
    <p class='ocr_par' dir='ltr' id='par_1_5' title="bbox 246 2735 1977 2975">
     <span class='ocr_line' id='line_1_37' title="bbox 246 2735 1977 2782; baseline 0.001 -13"><span class='ocrx_word' id='word_1_309' title='bbox 246 2735 408 2780; x_wconf 73' lang='lat' dir='ltr'>eoeayonis</span> <span class='ocrx_word' id='word_1_310' title='bbox 431 2745 501 2779; x_wconf 88' lang='lat' dir='ltr'>gm</span> <span class='ocrx_word' id='word_1_311' title='bbox 539 2735 607 2770; x_wconf 85' lang='lat'>358</span> <span class='ocrx_word' id='word_1_312' title='bbox 639 2736 749 2779; x_wconf 66' lang='lat' dir='ltr'>eamq.</span> <span class='ocrx_word' id='word_1_313' title='bbox 776 2736 787 2770; x_wconf 93' lang='lat' dir='ltr'>l</span> <span class='ocrx_word' id='word_1_314' title='bbox 820 2737 952 2781; x_wconf 76' lang='lat' dir='ltr'>‹liuiaq.</span> <span class='ocrx_word' id='word_1_315' title='bbox 979 2747 1015 2772; x_wconf 80' lang='lat' dir='ltr'>n]</span> <span class='ocrx_word' id='word_1_316' title='bbox 1043 2737 1102 2780; x_wconf 83' lang='lat' dir='ltr'>(E)</span> <span class='ocrx_word' id='word_1_317' title='bbox 1136 2738 1264 2782; x_wconf 60' lang='grc' dir='ltr'>ἄκτωρ.</span> <span class='ocrx_word' id='word_1_318' title='bbox 1291 2748 1327 2772; x_wconf 87' lang='lat' dir='ltr'>m</span> <span class='ocrx_word' id='word_1_319' title='bbox 1354 2737 1412 2779; x_wconf 78' lang='lat' dir='ltr'>(L)</span> <span class='ocrx_word' id='word_1_320' title='bbox 1444 2736 1614 2782; x_wconf 77' lang='lat' dir='ltr'>dubiaque</span> <span class='ocrx_word' id='word_1_321' title='bbox 1639 2747 1663 2781; x_wconf 86' lang='lat' dir='ltr'>g</span> <span class='ocrx_word' id='word_1_322' title='bbox 1693 2737 1862 2781; x_wconf 77' lang='lat' dir='ltr'>deuiaque</span> <span class='ocrx_word' id='word_1_323' title='bbox 1885 2747 1903 2772; x_wconf 93' lang='lat' dir='ltr'>c</span> <span class='ocrx_word' id='word_1_324' title='bbox 1936 2756 1977 2760; x_wconf 91' lang='lat'>—</span> 
     </span>
     <span class='ocr_line' id='line_1_38' title="bbox 247 2795 1977 2847; baseline 0.002 -13"><span class='ocrx_word' id='word_1_325' title='bbox 247 2800 314 2835; x_wconf 77' lang='lat'>359</span> <span class='ocrx_word' id='word_1_326' title='bbox 344 2800 490 2843; x_wconf 76' lang='lat' dir='ltr'>seruent</span> <span class='ocrx_word' id='word_1_327' title='bbox 513 2810 532 2835; x_wconf 89' lang='lat' dir='ltr'>c</span> <span class='ocrx_word' id='word_1_328' title='bbox 560 2820 600 2823; x_wconf 95' lang='lat'><strong>—</strong></span> <span class='ocrx_word' id='word_1_329' title='bbox 630 2801 692 2836; x_wconf 87' lang='grc'>361</span> <span class='ocrx_word' id='word_1_330' title='bbox 723 2795 894 2846; x_wconf 69' lang='lat' dir='ltr'>pre&#39;dales</span> <span class='ocrx_word' id='word_1_331' title='bbox 918 2802 931 2836; x_wconf 86' lang='lat' dir='ltr'>l</span> <span class='ocrx_word' id='word_1_332' title='bbox 957 2802 1141 2846; x_wconf 74' lang='lat' dir='ltr'>praedales</span> <span class='ocrx_word' id='word_1_333' title='bbox 1165 2812 1199 2837; x_wconf 89' lang='lat' dir='ltr'>m</span> <span class='ocrx_word' id='word_1_334' title='bbox 1231 2803 1407 2847; x_wconf 69' lang='lat' dir='ltr'>per-talesg</span> <span class='ocrx_word' id='word_1_335' title='bbox 1434 2812 1453 2836; x_wconf 87' lang='lat' dir='ltr'>c</span> <span class='ocrx_word' id='word_1_336' title='bbox 1482 2804 1691 2846; x_wconf 77' lang='lat' dir='ltr'>formantur</span> <span class='ocrx_word' id='word_1_337' title='bbox 1713 2812 1734 2837; x_wconf 91' lang='lat'>0</span> <span class='ocrx_word' id='word_1_338' title='bbox 1766 2802 1864 2837; x_wconf 79' lang='lat' dir='ltr'>limes</span> <span class='ocrx_word' id='word_1_339' title='bbox 1886 2812 1906 2836; x_wconf 87' lang='lat'>0</span> <span class='ocrx_word' id='word_1_340' title='bbox 1933 2824 1977 2828; x_wconf 92' lang='lat'>—-</span> 
     </span>
     <span class='ocr_line' id='line_1_39' title="bbox 247 2864 1977 2912; baseline 0.002 -14"><span class='ocrx_word' id='word_1_341' title='bbox 247 2864 315 2899; x_wconf 91' lang='grc'>363</span> <span class='ocrx_word' id='word_1_342' title='bbox 345 2869 547 2908; x_wconf 68' lang='lat' dir='ltr'>curuantur</span> <span class='ocrx_word' id='word_1_343' title='bbox 571 2865 583 2899; x_wconf 93' lang='lat' dir='ltr'>l</span> <span class='ocrx_word' id='word_1_344' title='bbox 615 2870 814 2901; x_wconf 74' lang='lat' dir='ltr'>curuantur</span> <span class='ocrx_word' id='word_1_345' title='bbox 838 2877 874 2901; x_wconf 91' lang='lat' dir='ltr'>m</span> <span class='ocrx_word' id='word_1_346' title='bbox 909 2886 950 2890; x_wconf 89' lang='lat'>—</span> <span class='ocrx_word' id='word_1_347' title='bbox 978 2868 1045 2902; x_wconf 89' lang='grc'>365</span> <span class='ocrx_word' id='word_1_348' title='bbox 1082 2872 1255 2912; x_wconf 65' lang='lat' dir='ltr'>regentem</span> <span class='ocrx_word' id='word_1_349' title='bbox 1282 2878 1319 2902; x_wconf 91' lang='lat' dir='ltr'><strong>m</strong></span> <span class='ocrx_word' id='word_1_350' title='bbox 1346 2887 1387 2891; x_wconf 86' lang='lat'>—-</span> <span class='ocrx_word' id='word_1_351' title='bbox 1415 2869 1482 2903; x_wconf 87' lang='grc'>366</span> <span class='ocrx_word' id='word_1_352' title='bbox 1515 2867 1732 2911; x_wconf 74' lang='lat' dir='ltr'>aduersaque</span> <span class='ocrx_word' id='word_1_353' title='bbox 1755 2868 1857 2901; x_wconf 74' lang='lat' dir='ltr'>tauro</span> <span class='ocrx_word' id='word_1_354' title='bbox 1880 2876 1901 2901; x_wconf 94' lang='lat' dir='ltr'>o</span> <span class='ocrx_word' id='word_1_355' title='bbox 1936 2885 1977 2890; x_wconf 89' lang='lat'>—</span> 
     </span>
     <span class='ocr_line' id='line_1_40' title="bbox 247 2929 1974 2975; baseline 0.001 -11"><span class='ocrx_word' id='word_1_356' title='bbox 247 2929 314 2964; x_wconf 83' lang='lat'>367</span> <span class='ocrx_word' id='word_1_357' title='bbox 340 2932 427 2964; x_wconf 74' lang='lat' dir='ltr'>sunt</span> <span class='ocrx_word' id='word_1_358' title='bbox 449 2941 517 2973; x_wconf 78' lang='lat' dir='ltr'>qua</span> <span class='ocrx_word' id='word_1_359' title='bbox 535 2940 571 2965; x_wconf 89' lang='lat' dir='ltr'>m</span> <span class='ocrx_word' id='word_1_360' title='bbox 609 2949 650 2953; x_wconf 69' lang='grc'>-</span> <span class='ocrx_word' id='word_1_361' title='bbox 683 2931 751 2966; x_wconf 88' lang='grc'>368</span> <span class='ocrx_word' id='word_1_362' title='bbox 777 2932 924 2966; x_wconf 73' lang='lat' dir='ltr'>alternis</span> <span class='ocrx_word' id='word_1_363' title='bbox 946 2932 991 2975; x_wconf 82' lang='lat' dir='ltr'>lg</span> <span class='ocrx_word' id='word_1_364' title='bbox 1016 2932 1165 2967; x_wconf 77' lang='lat' dir='ltr'>alterius</span> <span class='ocrx_word' id='word_1_365' title='bbox 1191 2942 1257 2967; x_wconf 88' lang='lat' dir='ltr'>mc</span> <span class='ocrx_word' id='word_1_366' title='bbox 1292 2933 1360 2967; x_wconf 88' lang='grc'>368</span> <span class='ocrx_word' id='word_1_367' title='bbox 1386 2933 1453 2967; x_wconf 86' lang='grc'>369</span> <span class='ocrx_word' id='word_1_368' title='bbox 1480 2931 1639 2966; x_wconf 76' lang='lat' dir='ltr'>ordinem</span> <span class='ocrx_word' id='word_1_369' title='bbox 1665 2933 1811 2966; x_wconf 74' lang='lat' dir='ltr'>mutant</span> <span class='ocrx_word' id='word_1_370' title='bbox 1831 2930 1906 2975; x_wconf 85' lang='lat' dir='ltr'>lcg</span> <span class='ocrx_word' id='word_1_371' title='bbox 1934 2951 1974 2953; x_wconf 97' lang='lat'><strong>—</strong></span> 
     </span>
    </p>
   </div>
   <div class='ocr_carea' id='block_1_6' title="bbox 248 2995 1440 3041">
    <p class='ocr_par' dir='ltr' id='par_1_6' title="bbox 248 2995 1440 3041">
     <span class='ocr_line' id='line_1_41' title="bbox 248 2995 1440 3041; baseline 0.003 -12"><span class='ocrx_word' id='word_1_372' title='bbox 248 2996 317 3029; x_wconf 81' lang='lat'>370</span> <span class='ocrx_word' id='word_1_373' title='bbox 341 2995 468 3029; x_wconf 75' lang='lat' dir='ltr'>similis</span> <span class='ocrx_word' id='word_1_374' title='bbox 493 2996 532 3029; x_wconf 69' lang='lat' dir='ltr'>in</span> <span class='ocrx_word' id='word_1_375' title='bbox 556 2995 711 3030; x_wconf 78' lang='lat' dir='ltr'>circulus</span> <span class='ocrx_word' id='word_1_376' title='bbox 729 2995 786 3029; x_wconf 83' lang='lat' dir='ltr'>lm</span> <span class='ocrx_word' id='word_1_377' title='bbox 814 2996 942 3030; x_wconf 72' lang='lat' dir='ltr'>similis</span> <span class='ocrx_word' id='word_1_378' title='bbox 966 2996 997 3030; x_wconf 74' lang='lat' dir='ltr'>it</span> <span class='ocrx_word' id='word_1_379' title='bbox 1013 3007 1037 3041; x_wconf 73' lang='lat' dir='ltr'>g</span> <span class='ocrx_word' id='word_1_380' title='bbox 1061 2997 1187 3032; x_wconf 73' lang='lat' dir='ltr'>similis</span> <span class='ocrx_word' id='word_1_381' title='bbox 1211 2998 1260 3032; x_wconf 74' lang='lat' dir='ltr'>sit</span> <span class='ocrx_word' id='word_1_382' title='bbox 1277 3008 1296 3032; x_wconf 89' lang='lat' dir='ltr'>c</span> <span class='ocrx_word' id='word_1_383' title='bbox 1325 2997 1392 3031; x_wconf 72' lang='lat' dir='ltr'><em>illis</em></span> <span class='ocrx_word' id='word_1_384' title='bbox 1409 3007 1440 3031; x_wconf 88' lang='lat' dir='ltr'>o.</span> 
     </span>
    </p>
   </div>
  </div>
 </body>
</html>
